@article{igersheim2022,
    author = {Igersheim, Herrade},
    title = {Rawls and the economists: The (im)possible dialogue},
    journal = {Revue économique},
    volume = {73},
    number = {6},
    year =  {2022},
    pages = {1013--1037},
    doi = {10.3917/reco.736.1013},
    url = {https://www.cairn-int.info/journal-revue-economique-2022-6-page-1013.htm}
}

@book{friedman1953,
  title={Essays in Positive Economics},
  author={Friedman, M.},
  isbn={9780226264035},
  lccn={lc53003533},
  series={A Phoenix book. Business economics},
  year={1953},
  publisher={University of Chicago Press}
}

@article{merton1948,
    author={Robert K. Merton},
    year={1948},
    title={The Self-Fulfilling Prophecy},
    journal={Antioch Review},
    volume={8},
    pages={193--210},
}

@misc{kushnir2022optimal,
    title={Optimal Multi-Dimensional Auctions: Conjectures and Simulations}, 
    author={Alexey Kushnir and James Michelson},
    year = {2023},
    note = {Working paper.}
}

@mis{michelson_reflex,
    title = {Reflexive Measurement},
    author = {James Michelson},
    year={2023},
    note={Under review.}
}

@article{brown2019,
    author = {Noam Brown  and Tuomas Sandholm },
    title = {Superhuman AI for multiplayer poker},
    journal = {Science},
    volume = {365},
    number = {6456},
    pages = {885-890},
    year = {2019},
    doi = {10.1126/science.aay2400},
    URL = {https://www.science.org/doi/abs/10.1126/science.aay2400},
}

@book{milgrom2004,
    place={Cambridge},
    series={Churchill Lectures in Economics},
    title={Putting Auction Theory to Work},
    DOI={10.1017/CBO9780511813825},
    publisher={Cambridge University Press},
    author={Milgrom, Paul},
    year={2004},
    collection={Churchill Lectures in Economics}
}

@article{varian2009,
    Author = {Varian, Hal R.},
    Title = {Online Ad Auctions},
    Journal = {American Economic Review},
    Volume = {99},
    Number = {2},
    Year = {2009},
    Month = {May},
    Pages = {430-34},
    DOI = {10.1257/aer.99.2.430},
    URL = {https://www.aeaweb.org/articles?id=10.1257/aer.99.2.430}
}

@misc{michelson2022,
      title={Developing a Philosophical Framework for Fair Machine Learning: Lessons From The Case of Algorithmic Collusion}, 
      author={James Michelson},
    year={2023},
    note={Under review.}
}

@article{ddt2017,
    ISSN = {00129682, 14680262},
    URL = {http://www.jstor.org/stable/44955139},
    author = {Constantinos Daskalakis and Alan Deckelbaum and Christos Tzamos},
    journal = {Econometrica},
    number = {3},
    pages = {735--767},
    publisher = {[Wiley, The Econometric Society]},
    title = {Strong Duality For A Multiple-Good Monopolist},
    urldate = {2022-08-16},
    volume = {85},
    year = {2017}
}

@article{armstrong1996,
    URL = {http://www.jstor.org/stable/2171924},
    author = {Mark Armstrong},
    journal = {Econometrica},
    number = {1},
    pages = {51--75},
    publisher = {[Wiley, Econometric Society]},
    title = {Multiproduct Nonlinear Pricing},
    urldate = {2022-08-16},
    volume = {64},
    year = {1996}
}

@incollection{alexandrova2009,
    author = {Alexandrova, Anna and Northcott, Robert},
    isbn = {9780195189254},
    title = "{306 Progress in Economics: Lessons from the Spectrum Auctions}",
    booktitle = "{The Oxford Handbook of Philosophy of Economics}",
    publisher = {Oxford University Press},
    year = {2009},
    month = {03},
    doi = {10.1093/oxfordhb/9780195189254.003.0011},
    url = {https://doi.org/10.1093/oxfordhb/9780195189254.003.0011},
}

@article{vickrey1961,
    author = {Vickrey, William},
    title = {COUNTERSPECULATION, AUCTIONS, AND COMPETITIVE SEALED TENDERS},
    journal = {The Journal of Finance},
    volume = {16},
    number = {1},
    pages = {8-37},
    doi = {https://doi.org/10.1111/j.1540-6261.1961.tb02789.x},
    year = {1961}
}

@article{guala2001,
    title = {Building economic machines: The FCC auctions},
    journal = {Studies in History and Philosophy of Science Part A},
    volume = {32},
    number = {3},
    pages = {453-477},
    year = {2001},
    issn = {0039-3681},
    doi = {https://doi.org/10.1016/S0039-3681(01)00008-5},
    url = {https://www.sciencedirect.com/science/article/pii/S0039368101000085},
    author = {Francesco Guala},
}

@InProceedings{perdomo2020,
  title =    {Performative Prediction},
  author =       {Perdomo, Juan and Zrnic, Tijana and Mendler-D{\"u}nner, Celestine and Hardt, Moritz},
  booktitle =    {Proceedings of the 37th International Conference on Machine Learning},
  pages =    {7599--7609},
  year =     {2020},
  editor =   {III, Hal Daumé and Singh, Aarti},
  volume =   {119},
  series =   {Proceedings of Machine Learning Research},
  month =    {13--18 Jul},
  publisher =    {PMLR},
  url =      {https://proceedings.mlr.press/v119/perdomo20a.html},
}


@InProceedings{oesterheld2023,
  title =    {Incentivizing honest performative predictions with proper scoring rules},
  author =       {Oesterheld, Caspar and Treutlein, Johannes and Cooper, Emery and Hudson, Rubi},
  booktitle =    {Proceedings of the Thirty-Ninth Conference on Uncertainty in Artificial Intelligence},
  pages =    {1564--1574},
  year =     {2023},
  editor =   {Evans, Robin J. and Shpitser, Ilya},
  volume =   {216},
  series =   {Proceedings of Machine Learning Research},
  month =    {31 Jul--04 Aug},
  publisher =    {PMLR},
  url =      {https://proceedings.mlr.press/v216/oesterheld23a.html},
}

@article{myerson1983,
    title = {Efficient mechanisms for bilateral trading},
    journal = {Journal of Economic Theory},
    volume = {29},
    number = {2},
    pages = {265-281},
    year = {1983},
    issn = {0022-0531},
    doi = {https://doi.org/10.1016/0022-0531(83)90048-0},
    url = {https://www.sciencedirect.com/science/article/pii/0022053183900480},
    author = {Roger B Myerson and Mark A Satterthwaite},
}


@article{rochet1998,
 URL = {http://www.jstor.org/stable/2999574},
 author = {Jean-Charles Rochet and Philippe Choné},
 journal = {Econometrica},
 number = {4},
 pages = {783--826},
 publisher = {[Wiley, Econometric Society]},
 title = {Ironing, Sweeping, and Multidimensional Screening},
 urldate = {2022-09-26},
 volume = {66},
 year = {1998}
}

@article{hart2019,
    title = {Selling multiple correlated goods: Revenue maximization and menu-size complexity},
    journal = {Journal of Economic Theory},
    volume = {183},
    pages = {991-1029},
    year = {2019},
    issn = {0022-0531},
    doi = {https://doi.org/10.1016/j.jet.2019.07.006},
    url = {https://www.sciencedirect.com/science/article/pii/S0022053119300717},
    author = {Sergiu Hart and Noam Nisan},
    keywords = {Mechanism design, Multiple goods, Correlated goods, Monopolistic pricing, Menu size, Complexity, Auctions, Simple mechanisms},
}

@book{nisan2007algorithmic,
  title={Algorithmic Game Theory},
  author={Nisan, N. and Roughgarden, T. and Tardos, E. and Vazirani, V.V.},
  isbn={9781139466547},
  year={2007},
  publisher={Cambridge University Press}
}


@misc{roth2012surveys,
      title={Conducting Truthful Surveys, Cheaply}, 
      author={Aaron Roth and Grant Schoenebeck},
      year={2012},
      eprint={1203.0353},
      archivePrefix={arXiv},
      primaryClass={cs.GT},
      url={https://arxiv.org/abs/1203.0353}, 
}

@article{krumpal2013,
    title = {Determinants of social desirability bias in sensitive surveys: a literature review},
    journal = {Quality \& Quantity},
    volume = {47},
    pages = {2025–2047},
    year = {2013},
    doi = {https://doi.org/10.1007/s11135-011-9640-9},
    author = {Ivar Krumpal},
}

@article{orne1962,
    title={On the social psychology of the psychological experiment: With particular reference to demand characteristics and their implications},
    volume={17},
    DOI={10.1037/h0043424},
    number={11},
    journal={American Psychologist},
    author={Orne, M. T.},
    year={1962},
    pages={776–783}
}

@article{luce95,
    author = {Luce, R. Duncan},
    title = {Four Tensions Concerning Mathematical Modeling in Psychology},
    journal = {Annual Review of Psychology},
    volume = {46},
    number = {1},
    pages = {1-27},
    year = {1995},
    doi = {10.1146/annurev.ps.46.020195.000245},
    URL = {https://doi.org/10.1146/annurev.ps.46.020195.000245},
}

@article{braudel2009,
    URL = {http://www.jstor.org/stable/40647704},
    author = {Fernand Braudel},
    journal = {Review (Fernand Braudel Center)},
    number = {2},
    pages = {171--203},
    publisher = {[Fernand Braudel Center, Research Foundation of State University of New York, Review (Fernand Braudel Center)]},
    title = {History and the Social Sciences: The Longue Durée},
    volume = {32},
    translator = {Immanuel Wallerstein},
    year = {2009}
}

@article{myerson2008,
    Author = {Myerson, Roger B.},
    Title = {Perspectives on Mechanism Design in Economic Theory},
    Journal = {American Economic Review},
    Volume = {98},
    Number = {3},
    Year = {2008},
    Month = {June},
    Pages = {586-603},
    DOI = {10.1257/aer.98.3.586},
    URL = {https://www.aeaweb.org/articles?id=10.1257/aer.98.3.586}
}

@article{li2017,
    Author = {Li, Shengwu},
    Title = {Obviously Strategy-Proof Mechanisms},
    Journal = {American Economic Review},
    Volume = {107},
    Number = {11},
    Year = {2017},
    Month = {November},
    Pages = {3257–87},
    DOI = {10.1257/aer.20160425},
    URL = {https://www.aeaweb.org/articles?id=10.1257/aer.20160425}
}

@article{mcmillan1994,
    Author = {McMillan, John},
    Title = {Selling Spectrum Rights},
    Journal = {Journal of Economic Perspectives},
    Volume = {8},
    Number = {3},
    Year = {1994},
    Month = {September},
    Pages = {145-162},
    DOI = {10.1257/jep.8.3.145},
    URL = {https://www.aeaweb.org/articles?id=10.1257/jep.8.3.145}
}


@article{mcafee1996,
    Author = {McAfee, R. Preston and McMillan, John},
    Title = {Analyzing the Airwaves Auction},
    Journal = {Journal of Economic Perspectives},
    Volume = {10},
    Number = {1},
    Year = {1996},
    Month = {March},
    Pages = {159-175},
    DOI = {10.1257/jep.10.1.159},
    URL = {https://www.aeaweb.org/articles?id=10.1257/jep.10.1.159}
}


@misc{sönmez2023minimalist,
      title={Minimalist Market Design: A Framework for Economists with Policy Aspirations}, 
      author={Tayfun Sönmez},
      year={2023},
      eprint={2401.00307},
      archivePrefix={arXiv},
      primaryClass={econ.GN}
}

@article{roth2002,
    author = {Roth, Alvin E.},
    title = {The Economist as Engineer: Game Theory, Experimentation, and Computation as Tools for Design Economics},
    journal = {Econometrica},
    volume = {70},
    number = {4},
    pages = {1341-1378},
    doi = {https://doi.org/10.1111/1468-0262.00335},
    year = {2002}
}

@article{healy2015,
    title={The Performativity of Networks},
    volume={56},
    DOI={10.1017/S0003975615000107},
    number={2},
    journal={European Journal of Sociology},
    author={Healy, Kieran},
    year={2015},
    pages={175–205}
}

@article{dekel2010,
    title = {Incentive compatible regression learning},
    journal = {Journal of Computer and System Sciences},
    volume = {76},
    number = {8},
    pages = {759-777},
    year = {2010},
    doi = {https://doi.org/10.1016/j.jcss.2010.03.003},
    url = {https://www.sciencedirect.com/science/article/pii/S0022000010000309},
    author = {Ofer Dekel and Felix Fischer and Ariel D. Procaccia},
}

@article{rubinstein1991,
    ISSN = {00129682, 14680262},
    URL = {http://www.jstor.org/stable/2938166},
    author = {Ariel Rubinstein},
    journal = {Econometrica},
    number = {4},
    pages = {909--924},
    publisher = {[Wiley, Econometric Society]},
    title = {Comments on the Interpretation of Game Theory},
    urldate = {2024-04-22},
    volume = {59},
    year = {1991}
}

@article{rubinstein2006,
    ISSN = {00129682, 14680262},
    URL = {http://www.jstor.org/stable/3805911},
    author = {Ariel Rubinstein},
    journal = {Econometrica},
    number = {4},
    pages = {865--883},
    publisher = {[Wiley, Econometric Society]},
    title = {Dilemmas of an Economic Theorist},
    urldate = {2024-04-22},
    volume = {74},
    year = {2006}
}


@article{erev2002,
    title = {Predictive value and the usefulness of game theoretic models},
    journal = {International Journal of Forecasting},
    volume = {18},
    number = {3},
    pages = {359-368},
    year = {2002},
    issn = {0169-2070},
    doi = {https://doi.org/10.1016/S0169-2070(02)00023-7},
    url = {https://www.sciencedirect.com/science/article/pii/S0169207002000237},
    author = {Ido Erev and Alvin E Roth and Robert L Slonim and Greg Barron},
    keywords = {Predictive value, Role playing},
}

@article{klemperer2002,
    Author = {Klemperer, Paul},
    Title = {What Really Matters in Auction Design},
    Journal = {Journal of Economic Perspectives},
    Volume = {16},
    Number = {1},
    Year = {2002},
    Month = {March},
    Pages = {169-189},
    DOI = {10.1257/0895330027166},
    URL = {https://www.aeaweb.org/articles?id=10.1257/0895330027166}
}

@article{nikkhah2008,
    title={A tale of two auctions},
    volume={4},
    DOI={10.1017/S1744137407000859},
    number={1},
    journal={Journal of Institutional Economics},
    author={Nik-Khah, Edward},
    year={2008},
    pages={73–97}
}

@inproceedings{newman2024,
    author = {Newman, Neil and Leyton-Brown, Kevin and Milgrom, Paul and Segal, Ilya},
    title = {Incentive Auction Design Alternatives: A Simulation Study},
    year = {2020},
    isbn = {9781450379755},
    publisher = {Association for Computing Machinery},
    address = {New York, NY, USA},
    url = {https://doi.org/10.1145/3391403.3399499},
    doi = {10.1145/3391403.3399499},
    booktitle = {Proceedings of the 21st ACM Conference on Economics and Computation},
    pages = {603–604},
    numpages = {2},
    location = {Virtual Event, Hungary},
    series = {EC '20}
}

@article{palacios2022,
    title={Combinatorial auctions in practice},
    author={Palacios-Huerta, Ignacio and Parkes, David C and Steinberg, Richard},
    journal={Available at SSRN 3844338},
    year={2022}
}

@article{roth2019,
    Author = {Roth, Alvin E. and Wilson, Robert B.},
    Title = {How Market Design Emerged from Game Theory: A Mutual Interview},
    Journal = {Journal of Economic Perspectives},
    Volume = {33},
    Number = {3},
    Year = {2019},
    Month = {August},
    Pages = {118-43},
    DOI = {10.1257/jep.33.3.118},
    URL = {https://www.aeaweb.org/articles?id=10.1257/jep.33.3.118}
}

@article{roth2018,
    Author = {Roth, Alvin E.},
    Title = {Marketplaces, Markets, and Market Design},
    Journal = {American Economic Review},
    Volume = {108},
    Number = {7},
    Year = {2018},
    Month = {July},
    Pages = {1609-58},
    DOI = {10.1257/aer.108.7.1609},
    URL = {https://www.aeaweb.org/articles?id=10.1257/aer.108.7.1609}
}


@article{brookings2023,
    Author = {Nicol Turner Lee and Jack Malamud},
    Title = {Reinstating the FCC’s auction authority could save the Affordable Connectivity Program},
    Journal = {TechTank: Improving Technology Policy},
    Year = {2023},
    Month = {August},
    URL = {https://www.brookings.edu/articles/reinstating-the-fccs-auction-authority-could-save-the-affordable-connectivity-program/#:~:text=With%20$230%20billion%20dollars%20of,to%20lapse%20earlier%20this%20year.}
}

@book{spiegler2024,
    author = {Spiegler, Ran},
    title = "{The Curious Culture of Economic Theory}",
    publisher = {The MIT Press},
    year = {2024},
    month = {04},
    isbn = {9780262379038},
    doi = {10.7551/mitpress/14884.001.0001},
    url = {https://doi.org/10.7551/mitpress/14884.001.0001},
    eprint = {https://direct.mit.edu/book-pdf/2362281/book\_9780262379038.pdf},
}


@book{putnam2012,
  title={Mathematics, Matter and Method: Volume 1: Philosophical Papers},
  author={Putnam, Hilary},
  year={2012},
  publisher={Cambridge University Press}
}

@misc{nobel2020,
    author = {{The Royal Swedish Academy of Sciences}},
    title = {The Prize in Economic Sciences 2020: Popular Science Background},
    year = {2020}
}

@TechReport{wolfstetter2001,
  author={Elmar G. Wolfstetter},
  title={{The Swiss UMTS Spectrum Auction Flop: Bad Luck or Bad Design}},
  year=2001,
  institution={CESifo},
  type={CESifo Working Paper Series},
  url={https://ideas.repec.org/p/ces/ceswps/_534.html},
  number={534},
  keywords={spectrum auctions; telecommunications; industrial organization},
  doi={},
}

@article{rubinstein1982,
    ISSN = {00129682, 14680262},
    URL = {http://www.jstor.org/stable/1912531},
    author = {Ariel Rubinstein},
    journal = {Econometrica},
    number = {1},
    pages = {97--109},
    publisher = {[Wiley, Econometric Society]},
    title = {Perfect Equilibrium in a Bargaining Model},
    urldate = {2024-04-24},
    volume = {50},
    year = {1982}
}

@article{roth1999,
    Author = {Roth, Alvin E. and Peranson, Elliott},
    Title = {The Redesign of the Matching Market for American Physicians: Some Engineering Aspects of Economic Design},
    Journal = {American Economic Review},
    Volume = {89},
    Number = {4},
    Year = {1999},
    Month = {September},
    Pages = {748-780},
    DOI = {10.1257/aer.89.4.748},
    URL = {https://www.aeaweb.org/articles?id=10.1257/aer.89.4.748}
}

@InCollection{chakravartty2017,
    author       =  {Chakravartty, Anjan},
    title        =  {Scientific Realism},
    booktitle    =  {The {Stanford} Encyclopedia of Philosophy},
    editor       =  {Edward N. Zalta},
    howpublished =  {\url{https://plato.stanford.edu/archives/sum2017/entries/scientific-realism/}},
    year         =  {2017},
    edition      =  {{S}ummer 2017},
    publisher    =  {Metaphysics Research Lab, Stanford University}
}

@article{roth1991,
    ISSN = {00130133, 14680297},
    URL = {http://www.jstor.org/stable/2233845},
    author = {Alvin E. Roth},
    journal = {The Economic Journal},
    number = {404},
    pages = {107--114},
    publisher = {[Royal Economic Society, Wiley]},
    title = {Game Theory as a Part of Empirical Economics},
    urldate = {2024-06-05},
    volume = {101},
    year = {1991}
}

@misc{hurwicz1972,
    title = {On informationally decentralized systems},
    journal = {Decision and organization : a volume in honor of Jacob Marschak},
    pages = {297--336},
    author = {Hurwicz, Leonid},
    address = {Amsterdam [usw.]},
    publisher = {North-Holland Publ. Co.},
    year = {1972},
    isbn = {0-7204-3313-4},
}


@InCollection{makowski1993,
    author       =  {Louis Makowski and Joseph Ostroy},
    title        =  {General Equilibrium and Market Socialism: Clarifying the Logic of Competitive Markets},
    booktitle    =  {Market Socialism},
    editor       =  {K. Bardhan and J. E. Roemer},
    year         =  {1993},
    pages        =  {69-88},
    publisher    =  {Oxford: Oxford University Press}
}

@article{saatsi2011,
    author = {Saatsi, Juha and Vickers, Peter},
    title = {Miraculous Success? Inconsistency and Untruth in Kirchhoff’s Diffraction Theory},
    journal = {The British Journal for the Philosophy of Science},
    volume = {62},
    number = {1},
    pages = {29-46},
    year = {2011},
    doi = {10.1093/bjps/axq008},
    URL = {https://doi.org/10.1093/bjps/axq008},
}

@incollection{sprenger2019,
    author = {Sprenger, Jan and Hartmann, Stephan},
    isbn = {9780199672110},
    title = "{Scientific Realism and the No Miracles Argument}",
    booktitle = "{Bayesian Philosophy of Science}",
    publisher = {Oxford University Press},
    year = {2019},
    month = {08},
    doi = {10.1093/oso/9780199672110.003.0003},
    url = {https://doi.org/10.1093/oso/9780199672110.003.0003},
}

@article{gale1962,
    ISSN = {00029890, 19300972},
    URL = {http://www.jstor.org/stable/2312726},
    author = {D. Gale and L. S. Shapley},
    journal = {The American Mathematical Monthly},
    number = {1},
    pages = {9--15},
    publisher = {Mathematical Association of America},
    title = {College Admissions and the Stability of Marriage},
    urldate = {2024-06-06},
    volume = {69},
    year = {1962}
}

@book{putnam1975,
    title={Mathematics, Matter and Method: Volume 1, Philosophical Papers},
    author={Putnam, H.},
    isbn={9780521206655},
    lccn={78073477},
    series={Cambridge Paperback Library},
    year={1975},
    publisher={Cambridge University Press}
}

@book{rubinstein2012,
  title={Economic Fables},
  author={Ariel Rubinstein},
  isbn={9781906924775},
  lccn={2019452716},
  series={DOAB Directory of Open Access Books},
  year={2012},
  publisher={Open Book}
}

@misc{nasa_halley,
    author = {NASA},
    title = "1P/Halley",
    year = "2024",
    URL = {https://science.nasa.gov/solar-system/comets/1p-halley/},
    notes = {Accessed: June 6, 2024}
}

@article{stanford2000,
    ISSN = {00318248, 1539767X},
    URL = {http://www.jstor.org/stable/188724},
    author = {P. Kyle Stanford},
    journal = {Philosophy of Science},
    number = {2},
    pages = {266--284},
    publisher = {[The University of Chicago Press, Philosophy of Science Association]},
    title = {An Antirealist Explanation of the Success of Science},
    urldate = {2024-06-06},
    volume = {67},
    year = {2000}
}

@article{callender2004,
    title={Realist Ennui and the Base Rate Fallacy},
    volume={71},
    DOI={10.1086/421536},
    number={3},
    journal={Philosophy of Science},
    author={Magnus, P. D. and Callender, Craig},
    year={2004},
    pages={320–338}
}

@article{batterman2014,
    ISSN = {00318248, 1539767X},
    author = {Robert W. Batterman and Collin C. Rice},
    journal = {Philosophy of Science},
    number = {3},
    pages = {349--376},
    publisher = {[The University of Chicago Press, Philosophy of Science Association]},
    title = {Minimal Model Explanations},
    urldate = {2024-06-09},
    volume = {81},
    year = {2014}
}

@article{ross2008,
    title={Ontic Structural Realism and Economics},
    volume={75},
    DOI={10.1086/594518},
    number={5},
    journal={Philosophy of Science},
    author={Ross, Don},
    year={2008},
    pages={732–743}
}

@article{maki1992,
    title = "Friedman and realism",
    author = "M{\"a}ki, {Ismo Uskali}",
    year = "1992",
    volume = "10",
    pages = "171--195",
    journal = "Research in the History of Economic Thought and Methodology",
    issn = "0743-4154",
    publisher = "JAI PRESS INC",
}

@incollection{maki2009,
    author = "M{\"a}ki, {Ismo Uskali}",
    isbn = {9780195189254},
    title = "{Realistic Realism about Unrealistic Models}",
    booktitle = "{The Oxford Handbook of Philosophy of Economics}",
    publisher = {Oxford University Press},
    year = {2009},
    month = {03},
    doi = {10.1093/oxfordhb/9780195189254.003.0004},
}

@InCollection{hansson2021,
    author       =  {Hansson, Sven Ove},
    title        =  {{Science and Pseudo-Science}},
    booktitle    =  {The {Stanford} Encyclopedia of Philosophy},
    editor       =  {Edward N. Zalta},
    howpublished =  {\url{https://plato.stanford.edu/archives/fall2021/entries/pseudo-science/}},
    year         =  {2021},
    edition      =  {{F}all 2021},
    publisher    =  {Metaphysics Research Lab, Stanford University}
}

@InCollection{woodward2021,
    author       =  {Woodward, James and Ross, Lauren},
    title        =  {{Scientific Explanation}},
    booktitle    =  {The {Stanford} Encyclopedia of Philosophy},
    editor       =  {Edward N. Zalta},
    howpublished =  {\url{https://plato.stanford.edu/archives/sum2021/entries/scientific-explanation/}},
    year         =  {2021},
    edition      =  {{S}ummer 2021},
    publisher    =  {Metaphysics Research Lab, Stanford University}
}

@article{plott1997,
    author = {Plott, Charles R.},
    title = {Laboratory Experimental Testbeds: Application to the PCS Auction},
    journal = {Journal of Economics \& Management Strategy},
    volume = {6},
    number = {3},
    pages = {605-638},
    doi = {https://doi.org/10.1111/j.1430-9134.1997.00605.x},
    url = {https://onlinelibrary.wiley.com/doi/abs/10.1111/j.1430-9134.1997.00605.x},
    year = {1997}
}

@article{roth1998,
    ISSN = {00368075, 10959203},
    URL = {http://www.jstor.org/stable/2878330},
    author = {Alvin E. Roth},
    journal = {Science},
    number = {4987},
    pages = {1524--1528},
    publisher = {American Association for the Advancement of Science},
    title = {New Physicians: A Natural Experiment in Market Organization},
    urldate = {2024-06-19},
    volume = {250},
    year = {1990}
}

@article{roth1991,
    ISSN = {00028282},
    URL = {http://www.jstor.org/stable/2006511},
    author = {Alvin E. Roth},
    journal = {The American Economic Review},
    number = {3},
    pages = {415--440},
    publisher = {American Economic Association},
    title = {A Natural Experiment in the Organization of Entry-Level Labor Markets: Regional Markets for New Physicians and Surgeons in the United Kingdom},
    urldate = {2024-06-19},
    volume = {81},
    year = {1991}
}

@article{kagel2000,
    author = {Kagel, John H. and Roth, Alvin E.},
    title = "{The Dynamics of Reorganization in Matching Markets: A Laboratory Experiment Motivated by a Natural Experiment*}",
    journal = {The Quarterly Journal of Economics},
    volume = {115},
    number = {1},
    pages = {201-235},
    year = {2000},
    month = {02},
    issn = {0033-5533},
    doi = {10.1162/003355300554719},
    url = {https://doi.org/10.1162/003355300554719},
}

@misc{fcc_incentive,
    author = "{Federal Communications Commision}",
    title = "{Broadcast Incentive Auction and Post-Auction Transition}",
    year = {2017},
    month = {05},
    url = {https://www.fcc.gov/about-fcc/fcc-initiatives/incentive-auctions},
    notes = {Accessed on: 2024-07-01}
}

@article{binmore2002,
    author = {Binmore, Ken and Klemperer, Paul},
    title = {The Biggest Auction Ever: The Sale of The British 3G Telecom Licenses},
    journal = {The Economic Journal},
    volume = {112},
    number = {478},
    pages = {C74-C96},
    doi = {https://doi.org/10.1111/1468-0297.00020},
    year = {2002}
}

@article{shannon1956,
  author={Shannon, C.},
  journal={IRE Transactions on Information Theory}, 
  title={The Bandwagon}, 
  year={1956},
  volume={2},
  number={1},
  pages={3-3},
  doi={10.1109/TIT.1956.1056774}
}

@article{roth2007hbs,
    author = {Alvin E. Roth},
    title = {The Art of Designing Markets},
    journal = {Harvard Business Review},
    year = {2007},
    month = {10},
    URL = {https://hbr.org/2007/10/the-art-of-designing-markets},
    notes = {Accessed on: 2024-07-01}
}

@article{ledyard1997,
    author = {Ledyard, John O. and Porter, David and Rangel, Antonio},
    title = {Experiments Testing Multiobject Allocation Mechanisms},
    journal = {Journal of Economics \& Management Strategy},
    volume = {6},
    number = {3},
    pages = {639-675},
    doi = {https://doi.org/10.1111/j.1430-9134.1997.00639.x},
    url = {https://onlinelibrary.wiley.com/doi/abs/10.1111/j.1430-9134.1997.00639.x},
    year = {1997}
}


@book{moulin1988,
    place={Cambridge},
    series={Econometric Society Monographs},
    title={Axioms of Cooperative Decision Making},
    publisher={Cambridge University Press},
    author={Moulin, Hervé},
    year={1988},
    collection={Econometric Society Monographs}
}

@misc{hitzigworking,
    title = "{The Normative Gap: Mechanism Design and Ideal Theories of Justice}",
    author = {Zoë Hitzig},
    year = {2024},
    url = {https://scholar.harvard.edu/files/hitzig/files/finalrevision.pdf},
    notes = {Accessed on: 2024-07-02}
}



@Article{Abril07,
  author        = "Patricia S. Abril and Robert Plant",
  title         = "The patent holder's dilemma: Buy, sell, or troll?",
  journal       = "Communications of the ACM",
  volume        = "50",
  number        = "1",
  month         = jan,
  year          = "2007",
  pages         = "36--44",
  doi           = "10.1145/1188913.1188915",
  url           = "http://doi.acm.org/10.1145/1219092.1219093",
  note          = "",
}

@Article{Cohen07,
  author        = "Sarah Cohen and Werner Nutt and Yehoshua Sagic",
  title         = "Deciding equivalances among conjunctive aggregate queries",
  journal       = JACM,
  articleno     = 5,
  numpages      = 50,
  volume        = 54,
  number        = 2,
  month         = apr,
  year          = 2007,
  doi           = "10.1145/1219092.1219093",
  url           = "http://doi.acm.org/10.1145/1219092.1219093",
  acmid         = 1219093,
}

@Article{daskalakis2017strong,
  author    = {Daskalakis, Constantinos and Deckelbaum, Alan and Tzamos, Christos},
  title     = {Strong duality for a multiple-good monopolist},
  number    = {3},
  pages     = {735--767},
  volume    = {85},
  journal   = {Econometrica},
  publisher = {Wiley Online Library},
  year      = {2017},
}

@Article{belloni2010multidimensional,
  author    = {Belloni, Alexandre and Lopomo, Giuseppe and Wang, Shouqiang},
  title     = {Multidimensional mechanism design: Finite-dimensional approximations and efficient computation},
  number    = {4-part-2},
  pages     = {1079--1089},
  volume    = {58},
  journal   = {Operations Research},
  publisher = {INFORMS},
  year      = {2010},
}

@Article{alaei2019efficient,
  author    = {Alaei, Saeed and Fu, Hu and Haghpanah, Nima and Hartline, Jason and Malekian, Azarakhsh},
  title     = {Efficient computation of optimal auctions via reduced forms},
  number    = {3},
  pages     = {1058--1086},
  volume    = {44},
  journal   = {Mathematics of Operations Research},
  publisher = {INFORMS},
  year      = {2019},
}

@Article{pavlov2011optimal,
  author    = {Pavlov, Gregory},
  title     = {Optimal mechanism for selling two goods},
  number    = {1},
  volume    = {11},
  journal   = {The BE Journal of Theoretical Economics},
  publisher = {De Gruyter},
  year      = {2011},
}

@Article{pavlov2011property,
  author    = {Pavlov, Gregory},
  title     = {A property of solutions to linear monopoly problems},
  number    = {1},
  volume    = {11},
  journal   = {The BE Journal of Theoretical Economics},
  publisher = {De Gruyter},
  year      = {2011},
}

@Article{armstrong1996multiproduct,
  author       = {Armstrong, Mark},
  date         = {January, 1996},
  journaltitle = {Econometrica},
  title        = {Multiproduct nonlinear pricing},
  number       = {1},
  pages        = {51--75},
  volume       = {64},
  journal      = {Econometrica},
  publisher    = {The Econometric Society},
  year         = {1996},
}

@Article{rochet1998ironing,
  author    = {Rochet, Jean-Charles and Chon{\'e}, Philippe},
  date      = {July, 1998},
  title     = {Ironing, sweeping, and multidimensional screening},
  number    = {4},
  pages     = {783--826},
  volume    = {66},
  journal   = {Econometrica},
  publisher = {The Econometric Society},
  year      = {1998},
}

@Article{border1991implementation,
  author  = {Border, Kim C},
  title   = {Implementation of reduced form auctions: A geometric approach},
  number  = {4},
  pages   = {1175--1187},
  volume  = {59},
  journal = {Econometrica: Journal of the Econometric Society},
  year    = {1991},
}

@Unpublished{KuSh2022,
  author   = {Kushnir, Alexey and Shourideh, Ali},
  date     = {2022-03-01},
  title    = {Optimal Auctions in Multi-Dimensional Environments},
  location = {Tepper School of Business, Carnegie Mellon University},
  year     = {2022},
}

@Article{manelli2007multidimensional,
  author    = {Manelli, Alejandro M and Vincent, Daniel R},
  title     = {Multidimensional mechanism design: Revenue maximization and the multiple-good monopoly},
  number    = {1},
  pages     = {153--185},
  volume    = {137},
  journal   = {Journal of Economic theory},
  publisher = {Elsevier},
  year      = {2007},
}

@Article{myerson1981optimal,
  author    = {Myerson, Roger B.},
  title     = {Optimal auction design},
  number    = {1},
  pages     = {58--73},
  volume    = {6},
  journal   = {Mathematics of Operations Research},
  publisher = {INFORMS},
  year      = {1981},
}

@Article{daskalakis2015multi,
  author    = {Daskalakis, Constantinos},
  title     = {Multi-item auctions defying intuition?},
  number    = {1},
  pages     = {41--75},
  volume    = {14},
  journal   = {ACM SIGecom Exchanges},
  publisher = {ACM New York, NY, USA},
  year      = {2015},
}

@Article{armstrong2000optimal,
  author    = {Armstrong, Mark},
  title     = {Optimal multi-object auctions},
  number    = {3},
  pages     = {455--481},
  volume    = {67},
  journal   = {The Review of Economic Studies},
  publisher = {Wiley-Blackwell},
  year      = {2000},
}

@software{ortools,
  title = {OR-Tools},
  version = { v9.7 },
  author = {Laurent Perron and Vincent Furnon},
  organization = {Google},
  url = {https://developers.google.com/optimization/},
  date = { 2023-08-08 }
}

@Comment{jabref-meta: databaseType:biblatex;}


@article{thanassoulis2004,
title = {Haggling over substitutes},
journal = {Journal of Economic Theory},
volume = {117},
number = {2},
pages = {217-245},
year = {2004},
issn = {0022-0531},
doi = {https://doi.org/10.1016/j.jet.2003.09.002},
url = {https://www.sciencedirect.com/science/article/pii/S0022053103003351},
author = {John Thanassoulis},
}

@unpublished{pycia2006,
    author={Marek Pycia},
    title={Stochastic vs Deterministic Mechanisms in Multidimensional Screening},
    url={http://pycia.bol.ucla.edu/pycia-multidimensional-screening.pdf},
    year={2006}
}

@article{thirumulanathan2019,
    title = {Optimal mechanisms for selling two items to a single buyer having uniformly distributed valuations},
    journal = {Journal of Mathematical Economics},
    volume = {82},
    pages = {1-30},
    year = {2019},
    issn = {0304-4068},
    doi = {https://doi.org/10.1016/j.jmateco.2019.01.004},
    url = {https://www.sciencedirect.com/science/article/pii/S0304406819300138},
    author = {D. Thirumulanathan and Rajesh Sundaresan and Y. Narahari},
    keywords = {Game theory, Economics, Optimal auctions, Stochastic orders, Convex optimization},
}

@article{thirumulanathan2019b,
    title = {On optimal mechanisms in the two-item single-buyer unit-demand setting},
    journal = {Journal of Mathematical Economics},
    volume = {82},
    pages = {31-60},
    year = {2019},
    issn = {0304-4068},
    doi = {https://doi.org/10.1016/j.jmateco.2019.01.005},
    url = {https://www.sciencedirect.com/science/article/pii/S030440681930014X},
    author = {D. Thirumulanathan and Rajesh Sundaresan and Y. Narahari},
    keywords = {Game theory, Economics, Optimal auctions, Stochastic orders, Convex optimization},
}

@article{brusco2011,
    Author = {Brusco, Sandro and Lopomo, Giuseppe and Marx, Leslie M.},
    Title = {The Economics of Contingent Re-auctions},
    Journal = {American Economic Journal: Microeconomics},
    Volume = {3},
    Number = {2},
    Year = {2011},
    Month = {May},
    Pages = {165-93},
    DOI = {10.1257/mic.3.2.165},
    URL = {https://www.aeaweb.org/articles?id=10.1257/mic.3.2.165}
}

@article{balestrieri2020,
    author = {Balestrieri, Filippo and Izmalkov, Sergei and Leao, Joao},
    title = "{The Market for Surprises: Selling Substitute Goods Through Lotteries}",
    journal = {Journal of the European Economic Association},
    volume = {19},
    number = {1},
    pages = {509-535},
    year = {2020},
    month = {06},
    issn = {1542-4766},
    doi = {10.1093/jeea/jvaa021},
    url = {https://doi.org/10.1093/jeea/jvaa021},
}

@article{riley1983,
    title = {Optimal Selling Strategies: When to Haggle, When to Hold Firm},
    author = {Riley, John and Zeckhauser, Richard},
    year = {1983},
    journal = {The Quarterly Journal of Economics},
    volume = {98},
    number = {2},
    pages = {267-289},
    url = {https://EconPapers.repec.org/RePEc:oup:qjecon:v:98:y:1983:i:2:p:267-289.}
}

@article{briest2015,
    title = {Pricing lotteries},
    journal = {Journal of Economic Theory},
    volume = {156},
    pages = {144-174},
    year = {2015},
    note = {Computer Science and Economic Theory},
    issn = {0022-0531},
    doi = {https://doi.org/10.1016/j.jet.2014.04.011},
    url = {https://www.sciencedirect.com/science/article/pii/S0022053114000659},
    author = {Patrick Briest and Shuchi Chawla and Robert Kleinberg and S. Matthew Weinberg},
}

@article{thirumulanathan2019unitdemand,
    title = {On optimal mechanisms in the two-item single-buyer unit-demand setting},
    journal = {Journal of Mathematical Economics},
    volume = {82},
    pages = {31-60},
    year = {2019},
    issn = {0304-4068},
    doi = {https://doi.org/10.1016/j.jmateco.2019.01.005},
    url = {https://www.sciencedirect.com/science/article/pii/S030440681930014X},
    author = {D. Thirumulanathan and Rajesh Sundaresan and Y. Narahari},
    keywords = {Game theory, Economics, Optimal auctions, Stochastic orders, Convex optimization}
}

@article{thirumulanathan2019uniform,
    title = {Optimal mechanisms for selling two items to a single buyer having uniformly distributed valuations},
    journal = {Journal of Mathematical Economics},
    volume = {82},
    pages = {1-30},
    year = {2019},
    issn = {0304-4068},
    doi = {https://doi.org/10.1016/j.jmateco.2019.01.004},
    url = {https://www.sciencedirect.com/science/article/pii/S0304406819300138},
    author = {D. Thirumulanathan and Rajesh Sundaresan and Y. Narahari},
    keywords = {Game theory, Economics, Optimal auctions, Stochastic orders, Convex optimization},
}

@article{barelli2014exclusion,
    title = {On the optimality of exclusion in multi-dimensional screening},
    journal = {Journal of Mathematical Economics},
    volume = {54},
    pages = {74-83},
    year = {2014},
    issn = {0304-4068},
    doi = {https://doi.org/10.1016/j.jmateco.2014.09.002},
    url = {https://www.sciencedirect.com/science/article/pii/S0304406814001128},
    author = {Paulo Barelli and Suren Basov and Mauricio Bugarin and Ian King},
    keywords = {Multi-dimensional screening, Exclusion, Regulation of a monopoly, Involuntary unemployment},
}

@inproceedings{wang2014optimal,
    author = {Wang, Zihe and Tang, Pingzhong},
    title = {Optimal Mechanisms with Simple Menus},
    year = {2014},
    isbn = {9781450325653},
    publisher = {Association for Computing Machinery},
    address = {New York, NY, USA},
    url = {https://doi.org/10.1145/2600057.2602863},
    doi = {10.1145/2600057.2602863},
    booktitle = {Proceedings of the Fifteenth ACM Conference on Economics and Computation},
    pages = {227–240},
    numpages = {14},
    keywords = {optimal mechanism design, revenue maximization, menu representation},
    location = {Palo Alto, California, USA},
    series = {EC '14}
}

@article{guesnerie1984complete,
    title = {A complete solution to a class of principal-agent problems with an application to the control of a self-managed firm},
    journal = {Journal of Public Economics},
    volume = {25},
    number = {3},
    pages = {329-369},
    year = {1984},
    issn = {0047-2727},
    doi = {https://doi.org/10.1016/0047-2727(84)90060-4},
    url = {https://www.sciencedirect.com/science/article/pii/0047272784900604},
    author = {Roger Guesnerie and Jean-Jacques Laffont}
}

@article{brusco2009google,
    title = {The ‘Google effect’ in the FCC’s 700MHz auction},
    journal = {Information Economics and Policy},
    volume = {21},
    number = {2},
    pages = {101-114},
    year = {2009},
    note = {Special Section on Auctions},
    issn = {0167-6245},
    doi = {https://doi.org/10.1016/j.infoecopol.2009.03.001},
    author = {Sandro Brusco and Giuseppe Lopomo and Leslie M. Marx}
}

@misc{kolesnikov2022,
    doi = {10.48550/ARXIV.2203.06837},
    url = {https://arxiv.org/abs/2203.06837},
    author = {Kolesnikov, Alexander and Sandomirskiy, Fedor and Tsyvinski, Aleh and Zimin, Alexander P.},
    title = {Beckmann's approach to multi-item multi-bidder auctions},
    publisher = {arXiv},
    year = {2022},
}

@article{bulow1989,
 ISSN = {00223808, 1537534X},
 URL = {http://www.jstor.org/stable/1831886},
 author = {Jeremy Bulow and John Roberts},
 journal = {Journal of Political Economy},
 number = {5},
 pages = {1060--1090},
 publisher = {University of Chicago Press},
 title = {The Simple Economics of Optimal Auctions},
 urldate = {2022-08-16},
 volume = {97},
 year = {1989}
}

@article{mussa1978,
    title = {Monopoly and product quality},
    journal = {Journal of Economic Theory},
    volume = {18},
    number = {2},
    pages = {301-317},
    year = {1978},
    issn = {0022-0531},
    doi = {https://doi.org/10.1016/0022-0531(78)90085-6},
    url = {https://www.sciencedirect.com/science/article/pii/0022053178900856},
    author = {Michael Mussa and Sherwin Rosen}
}

@book{basov2005multidimensional,
  title={Multidimensional Screening},
  author={Basov, S.},
  isbn={9783540273134},
  series={Studies in Economic Theory},
  year={2005},
  publisher={Springer Berlin Heidelberg}
}

@book{wilson1993nonlinear,
  title={Nonlinear Pricing},
  author={Wilson, R.B.},
  isbn={9780195115826},
  year={1993},
  publisher={Oxford University Press}
}


@article{rochet1985,
    title = {The taxation principle and multi-time Hamilton-Jacobi equations},
    journal = {Journal of Mathematical Economics},
    volume = {14},
    number = {2},
    pages = {113-128},
    year = {1985},
    issn = {0304-4068},
    doi = {https://doi.org/10.1016/0304-4068(85)90015-1},
    author = {Jean-Charles Rochet},
}

@article{rochet1987,
    title = {A necessary and sufficient condition for rationalizability in a quasi-linear context},
    journal = {Journal of Mathematical Economics},
    volume = {16},
    number = {2},
    pages = {191-200},
    year = {1987},
    issn = {0304-4068},
    doi = {https://doi.org/10.1016/0304-4068(87)90007-3},
    url = {https://www.sciencedirect.com/science/article/pii/0304406887900073},
    author = {Jean-Charles Rochet}
}

@article{mirrlees1971,
    URL = {http://www.jstor.org/stable/2296779},
    author = {J. A. Mirrlees},
    journal = {The Review of Economic Studies},
    number = {2},
    pages = {175--208},
    publisher = {[Oxford University Press, Review of Economic Studies, Ltd.]},
    title = {An Exploration in the Theory of Optimum Income Taxation},
    urldate = {2023-11-06},
    volume = {38},
    year = {1971}
}


@inbook{rochetstole2003, 
    place={Cambridge},
    series={Econometric Society Monographs},
    title={The Economics of Multidimensional Screening}, 
    volume={1},
    DOI={10.1017/CBO9780511610240.006},
    booktitle={Advances in Economics and Econometrics: Theory and Applications, Eighth World Congress},
    publisher={Cambridge University Press},
    author={Rochet, Jean-Charles and Stole, Lars A.},
    editor={Dewatripont, Mathias and Hansen, Lars Peter and Turnovsky, Stephen J.Editors},
    year={2003},
    pages={150–197},
    collection={Econometric Society Monographs}
}

@article{mcafee1989,
    ISSN = {00335533, 15314650},
    URL = {http://www.jstor.org/stable/2937852},
    author = {R. Preston McAfee and John McMillan and Michael D. Whinston},
    journal = {The Quarterly Journal of Economics},
    number = {2},
    pages = {371--383},
    publisher = {Oxford University Press},
    title = {Multiproduct Monopoly, Commodity Bundling, and Correlation of Values},
    urldate = {2022-12-24},
    volume = {104},
    year = {1989}
}

@article{adams1976,
    ISSN = {00335533, 15314650},
    URL = {http://www.jstor.org/stable/1886045},
    author = {William James Adams and Janet L. Yellen},
    journal = {The Quarterly Journal of Economics},
    number = {3},
    pages = {475--498},
    publisher = {Oxford University Press},
    title = {Commodity Bundling and the Burden of Monopoly},
    urldate = {2023-11-06},
    volume = {90},
    year = {1976}
}

@ARTICLE{haghpanah2021,
    title = {When Is Pure Bundling Optimal?},
    author = {Haghpanah, Nima and Hartline, Jason},
    year = {2021},
    journal = {Review of Economic Studies},
    volume = {88},
    number = {3},
    pages = {1127-1156},
}

@article{ekeland2010,
    author={Ivar Ekeland},
    title={{Notes on optimal transportation}},
    journal={Economic Theory},
    year=2010,
    volume={42},
    number={2},
    pages={437-459},
    month={February},
    doi={10.1007/s00199-008-0426-9},
    url={https://ideas.repec.org/a/spr/joecth/v42y2010i2p437-459.html}
}

@article{manelli2006,
    title = {Bundling as an optimal selling mechanism for a multiple-good monopolist},
    journal = {Journal of Economic Theory},
    volume = {127},
    number = {1},
    pages = {1-35},
    year = {2006},
    issn = {0022-0531},
    doi = {https://doi.org/10.1016/j.jet.2005.08.007},
    author = {Alejandro M. Manelli and Daniel R. Vincent},
}

@INPROCEEDINGS{cai2012,
    author={Cai, Yang and Daskalakis, Constantinos and Weinberg, S. Matthew},
    booktitle={2012 IEEE 53rd Annual Symposium on Foundations of Computer Science}, 
    title={Optimal Multi-dimensional Mechanism Design: Reducing Revenue to Welfare Maximization}, 
    year={2012},
    volume={},
    number={},
    pages={130-139},
    doi={10.1109/FOCS.2012.88}
}

@inproceedings{cai2016,
    author = {Cai, Yang and Devanur, Nikhil R. and Weinberg, S. Matthew},
    title = {A Duality Based Unified Approach to Bayesian Mechanism Design},
    year = {2016},
    isbn = {9781450341325},
    publisher = {Association for Computing Machinery},
    address = {New York, NY, USA},
    url = {https://doi.org/10.1145/2897518.2897645},
    doi = {10.1145/2897518.2897645},
    booktitle = {Proceedings of the Forty-Eighth Annual ACM Symposium on Theory of Computing},
    pages = {926–939},
    numpages = {14},
    keywords = {Simple and Approximately Optimal Auctions, Revenue},
    location = {Cambridge, MA, USA},
    series = {STOC '16}
}

@inproceedings{hart2013,
    author = {Hart, Sergiu and Nisan, Noam},
    title = {The Menu-Size Complexity of Auctions},
    year = {2013},
    isbn = {9781450319621},
    publisher = {Association for Computing Machinery},
    address = {New York, NY, USA},
    doi = {10.1145/2492002.2482544},
    booktitle = {Proceedings of the Fourteenth ACM Conference on Electronic Commerce},
    pages = {565–566},
    numpages = {2},
    location = {Philadelphia, Pennsylvania, USA},
    series = {EC '13}
}

@inproceedings{chawla2007,
    author = {Chawla, Shuchi and Hartline, Jason D. and Kleinberg, Robert},
    title = {Algorithmic Pricing via Virtual Valuations},
    year = {2007},
    isbn = {9781595936530},
    publisher = {Association for Computing Machinery},
    address = {New York, NY, USA},
    url = {https://doi.org/10.1145/1250910.1250946},
    doi = {10.1145/1250910.1250946},
    booktitle = {Proceedings of the 8th ACM Conference on Electronic Commerce},
    pages = {243–251},
    numpages = {9},
    keywords = {virtual valuations, approximation algorithms, pricing},
    location = {San Diego, California, USA},
    series = {EC '07}
}

@misc{loertscher2023,
    author = {Simon Loertscher and Ellen Muir},
    title = {Optimal Hotelling Auctions},
    year = {2023}
}

@misc{haghpanah2014,
    doi = {10.48550/ARXIV.1404.1341},
    url = {https://arxiv.org/abs/1404.1341},
    author = {Haghpanah, Nima and Hartline, Jason},
    title = {Multi-dimensional Virtual Values and Second-degree Price Discrimination},
    publisher = {arXiv},
    year = {2014}
}

@article{hotelling1929,
    ISSN = {00130133, 14680297},
    URL = {http://www.jstor.org/stable/2224214},
    author = {Harold Hotelling},
    journal = {The Economic Journal},
    number = {153},
    pages = {41--57},
    publisher = {[Royal Economic Society, Wiley]},
    title = {Stability in Competition},
    urldate = {2023-11-06},
    volume = {39},
    year = {1929}
}

@article{jullien2000,
    title = {Participation Constraints in Adverse Selection Models},
    journal = {Journal of Economic Theory},
    volume = {93},
    number = {1},
    pages = {1-47},
    year = {2000},
    issn = {0022-0531},
    doi = {https://doi.org/10.1006/jeth.1999.2641},
    url = {https://www.sciencedirect.com/science/article/pii/S0022053199926418},
    author = {Bruno Jullien},
}


@inproceedings{conitzer2004,
    author = {Conitzer, Vincent and Sandholm, Tuomas},
    title = {Self-interested automated mechanism design and implications for optimal combinatorial auctions},
    year = {2004},
    isbn = {1581137710},
    publisher = {Association for Computing Machinery},
    address = {New York, NY, USA},
    url = {https://doi.org/10.1145/988772.988793},
    doi = {10.1145/988772.988793},
    booktitle = {Proceedings of the 5th ACM Conference on Electronic Commerce},
    pages = {132–141},
    numpages = {10},
    keywords = {revenue maximization, combinatorial auctions, automated mechanism design},
    location = {New York, NY, USA},
    series = {EC '04}
}

@inproceedings{conitzer2002,
    author = {Conitzer, Vincent and Sandholm, Tuomas},
    title = {Complexity of mechanism design},
    year = {2002},
    isbn = {1558608974},
    publisher = {Morgan Kaufmann Publishers Inc.},
    address = {San Francisco, CA, USA},
    booktitle = {Proceedings of the Eighteenth Conference on Uncertainty in Artificial Intelligence},
    pages = {103–110},
    numpages = {8},
    location = {Alberta, Canada},
    series = {UAI'02}
}


@inproceedings{conitzer2021,
    author = {Vincent Conitzer and Hanrui Zhang and Andrew Kephart and Yu Cheng and Anilesh Krishnaswamy and Haoming Li and and David Rein},
    title = {Automated Mechanism Design for Strategic Classification},
    year = {2021},
    isbn = {9781450383325},
    publisher = {Association for Computing Machinery},
    address = {New York, NY, USA},
    url = {https://doi.org/10.1145/3447548.3469650},
    doi = {10.1145/3447548.3469650},
    booktitle = {Proceedings of the 27th ACM SIGKDD Conference on Knowledge Discovery \& Data Mining},
    pages = {1},
    numpages = {1},
    keywords = {strategic classification, automated mechanism design},
    location = {Virtual Event, Singapore},
    series = {KDD '21}
}


@article{dutting2024,
    author = {D\"{u}tting, Paul and Feng, Zhe and Narasimhan, Harikrishna and Parkes, David C. and Ravindranath, Sai Srivatsa},
    title = {Optimal Auctions through Deep Learning: Advances in Differentiable Economics},
    year = {2024},
    issue_date = {February 2024},
    publisher = {Association for Computing Machinery},
    address = {New York, NY, USA},
    volume = {71},
    number = {1},
    issn = {0004-5411},
    url = {https://doi.org/10.1145/3630749},
    doi = {10.1145/3630749},
    journal = {J. ACM},
    month = {feb},
    articleno = {5},
    numpages = {53},
    keywords = {Deep learning, differentiable programming, mechanism design, game theory, auction design, multi-item auctions, sample complexity, generalization bounds}
}


@article{kopec2011,
    author = {Matthew Kopec},
    journal = {Philosophy of Science},
    number = {5},
    pages = {1249--1259},
    publisher = {[The University of Chicago Press, Philosophy of Science Association]},
    title = {A More Fulfilling (and Frustrating) Take on Reflexive Predictions},
    volume = {78},
    year = {2011}
}

@article{lowe2018,
    author = {Charles Lowe},
    title ={The Significance of Self-Fulfilling Science},
    journal = {Philosophy of the Social Sciences},
    volume = {48},
    number = {4},
    pages = {343-363},
    year = {2018},
    doi = {10.1177/0048393118767087},
}

@inbook{freedman1985,
    author={Freedman, David A.},
    editor={Mason, William M. and Fienberg, Stephen E.},
    title={Statistics and the Scientific Method},
    bookTitle={Cohort Analysis in Social Research: Beyond the Identification Problem},
    year={1985},
    publisher={Springer New York},
    address={New York, NY},
    pages={343--366},
}

@article{good1988,
    author = {I. J. Good},
    title = {{The Interface Between Statistics and Philosophy of Science}},
    volume = {3},
    journal = {Statistical Science},
    number = {4},
    publisher = {Institute of Mathematical Statistics},
    pages = {386 -- 397},
    year = {1988},
    doi = {10.1214/ss/1177012754},
}

@article{eliaz2022,
    title = {On incentive-compatible estimators},
    journal = {Games and Economic Behavior},
    volume = {132},
    pages = {204-220},
    year = {2022},
    issn = {0899-8256},
    doi = {10.1016/j.geb.2022.01.002},
    author = {Kfir Eliaz and Ran Spiegler}
}

@inproceedings{caragiannis2016,
    title =    {Truthful Univariate Estimators},
    author =   {Caragiannis, Ioannis and Procaccia, Ariel and Shah, Nisarg},
    booktitle =    {Proceedings of The 33rd International Conference on Machine Learning},
    pages =    {127--135},
    year =     {2016},
    editor =   {Balcan, Maria Florina and Weinberger, Kilian Q.},
    volume =   {48},
    series =   {Proceedings of Machine Learning Research},
    address =      {New York, New York, USA},
    publisher =    {PMLR},
}

@article{soros2013,
    author = {George Soros},
    title = {Fallibility, reflexivity, and the human uncertainty principle},
    journal = {Journal of Economic Methodology},
    volume = {20},
    number = {4},
    pages = {309-329},
    year  = {2013},
    publisher = {Routledge},
    doi = {10.1080/1350178X.2013.859415}
}

@article{kemp1962,
    author = {Murray C. Kemp},
    journal = {The American Economic Review},
    number = {3},
    pages = {492--496},
    publisher = {American Economic Association},
    title = {Economic Forecasting when the Subject of the Forecast is Influenced by the Forecast},
    volume = {52},
    year = {1962}
}

@article{buck1963,
    author = {Buck, Roger C.},
    title = {Reflexive Predictions},
    journal = {Philosophy of Science},
    volume = {30},
    number = {4},
    pages = {359-369},
    year = {1963},
    doi = {10.1086/287955},
}

@book{king2021,
    title={Designing Social Inquiry: Scientific Inference in Qualitative Research, New Edition},
    author={King, G. and Keohane, R.O. and Verba, S.},
    isbn={9780691224640},
    year={2021},
    publisher={Princeton University Press}
}

@book{hacking2000,
    author = {Ian Hacking},
    title = {The Social Construction of What?},
    year = {2000},
    publisher = {Harvard University Press},
    place = {Cambridge, MA}
}

@incollection{hacking1995,
    author = {Ian Hacking},
    title = {The Looping Effects of Human Kinds},
    booktitle = {Causal cognition: a multi-disciplinary debate},
    editor = {Dan Sperber, David Premack and Ann James Premack},
    chapter = {12},
    pages = {351--383},
    year = {1995},
}

@book{hacking1983,
    place={Cambridge, MA},
    title={Representing and Intervening: Introductory Topics in the Philosophy of Natural Science},
    DOI={10.1017/CBO9780511814563},
    publisher={Cambridge University Press},
    author={Hacking, Ian},
    year={1983}
}


@book{boumans2015,
    author = {Marcel Boumans},
    title = {Science Outside the Laboratory: Measurement in Field Science and Economics},
    publisher = {Oxford University Press},
    year = {2015},
    DOI = {10.1093/acprof:oso/9780199388288.001.0001},
    place = {Oxford, UK}
}

@article{boumans2005,
    author = {Boumans, Marcel},
    title = {Measurement Outside the Laboratory},
    journal = {Philosophy of Science},
    volume = {72},
    number = {5},
    pages = {850-863},
    year = {2005},
    doi = {10.1086/508103},
}

@article{morgan2001,
    author = {Morgan, Mary S.},
    title = "{Making Measuring Instruments}",
    journal = {History of Political Economy},
    volume = {33},
    number = {1},
    pages = {235-251},
    year = {2001},
    month = {12},
    doi = {10.1215/00182702-33-Suppl_1-235},
}

@incollection{sep-measurement,
    author       =  {Tal, Eran},
    title        =  {{Measurement in Science}},
    booktitle    =  {The {Stanford} Encyclopedia of Philosophy},
    editor       =  {Edward N. Zalta},
    year         =  {2020},
    edition      =  {{F}all 2020},
    publisher    =  {Metaphysics Research Lab, Stanford University}
}

@incollection{suppes1962,
    author       =  {Patrick Suppes},
    title        =  {Models of Data},
    booktitle    =  {Logic, Methodology, and the Philosophy of Science: Proceedings of the 1960 International Congress},
    editor       =  {E. Nagel, P. Suppes and A. Tarski},
    year         =  {1962},
    publisher    =  {Stanford: Stanford University Press}
}

@article{reiss2001,
    author = {Julian Reiss},
    title = {Natural economic quantities and their measurement},
    journal = {Journal of Economic Methodology},
    volume = {8},
    number = {2},
    pages = {287-311},
    year  = {2001},
    publisher = {Routledge},
    doi = {10.1080/13501780110047327},
}

@article{huber1964,
    author = {Peter J. Huber},
    title = {{Robust Estimation of a Location Parameter}},
    volume = {35},
    journal = {The Annals of Mathematical Statistics},
    number = {1},
    publisher = {Institute of Mathematical Statistics},
    pages = {73 -- 101},
    year = {1964},
    doi = {10.1214/aoms/1177703732},
}

@article{woodward1989,
 author = {Jim Woodward},
 journal = {Synthese},
 number = {3},
 pages = {393--472},
 publisher = {Springer},
 title = {Data and Phenomena},
 volume = {79},
 year = {1989}
}

@misc{pew_questions,
  author = {Pew Research Center},
  title = {Writing Survey Questions},
  howpublished = {\url{https://www.pewresearch.org/our-methods/u-s-surveys/writing-survey-questions/}},
  note = {Accessed: 2022-02-20}
}

@misc{stackex_ma1,
  title = {Population vs. Data-Generating Process (Answer)},
  howpublished = {\url{https://stats.stackexchange.com/a/492155}},
  note = {Accessed: 2022-02-20}
}

@article{toulis2015,
   title={Incentive-Compatible Experimental Design},
   DOI={10.1145/2764468.2764525},
   journal={Proceedings of the Sixteenth ACM Conference on Economics and Computation},
   publisher={ACM},
   author={Toulis, Panos and Parkes, David C. and Pfeffer, Elery and Zou, James},
   year={2015},
   month={Jun} }

@inproceedings{roughgarden2017,
 author = {Roughgarden, Tim and Schrijvers, Okke},
 booktitle = {Advances in Neural Information Processing Systems},
 editor = {I. Guyon and U. V. Luxburg and S. Bengio and H. Wallach and R. Fergus and S. Vishwanathan and R. Garnett},
 publisher = {Curran Associates, Inc.},
 title = {Online Prediction with Selfish Experts},
 volume = {30},
 year = {2017}
}

@misc{mansour2019,
      title={Bayesian Incentive-Compatible Bandit Exploration}, 
      author={Yishay Mansour and Aleksandrs Slivkins and Vasilis Syrgkanis},
      year={2019},
      eprint={1502.04147},
      archivePrefix={arXiv},
      primaryClass={cs.GT}
}

@book{wasserman2005,
    title={All of Statistics},
    author={Larry Wasserman},
    year={2005},
    publisher={Springer: New York, NY}
}


@article{tal2019,
	Author = {Tal, Eran},
	Da = {2019/04/01},
	Doi = {10.1007/s11098-018-1216-2},
	Id = {Tal2019},
	Isbn = {1573-0883},
	Journal = {Philosophical Studies},
	Number = {4},
	Pages = {853--878},
	Title = {Individuating quantities},
	Volume = {176},
	Year = {2019},
}


@book{groves2011,
  title={Survey Methodology},
  author={Groves, R.M. and Fowler, F.J. and Couper, M.P. and Lepkowski, J.M. and Singer, E. and Tourangeau, R.},
  isbn={9781118211342},
  series={Wiley Series in Survey Methodology},
  year={2011},
  publisher={Wiley}
}

@article{achen1975,
    title={Mass Political Attitudes and the Survey Response},
    volume={69},
    DOI={10.2307/1955282},
    number={4},
    journal={American Political Science Review},
    publisher={Cambridge University Press},
    author={Achen, Christopher H.},
    year={1975},
    pages={1218–1231}
}

@article{breiman2001,
    author = {Leo Breiman},
    title = {{Statistical Modeling: The Two Cultures (with comments and a rejoinder by the author)}},
    volume = {16},
    journal = {Statistical Science},
    number = {3},
    publisher = {Institute of Mathematical Statistics},
    pages = {199 -- 231},
    year = {2001},
    doi = {10.1214/ss/1009213726},
}

@book{borgers2015,
    author={Tilman Börgers},
    title={An Introduction to the Theory of Mechanism Design},
    publisher={Oxford University Press},
    year={2015}
}


@article{beinhocker2013,
    author = {Eric D. Beinhocker},
    title = {Reflexivity, complexity, and the nature of social science},
    journal = {Journal of Economic Methodology},
    volume = {20},
    number = {4},
    pages = {330-342},
    year  = {2013},
    publisher = {Routledge},
    doi = {10.1080/1350178X.2013.859403}
}


@phdthesis{mackinnon2006,
    author={Lauchlan Mackinnon},
    title={Appendix B: Reflexive Prediction},
    school={University of Queensland},
    year={2006},
    note={Unpublished PhD thesis. URL:  \url{https://www.researchgate.net/publication/37618514_Reflexive_Prediction_A_Literature_Review}}
}

@article{gergen1973,
    author = {Kenneth J. Gergen},
    title = {Social Psychology as History},
    journal = {Journal of Personality and Social Psychology},
    volume = {26},
    number = {2},
    pages = {309-320},
    year = {1973}
}

@inproceedings{cejka2022,
           month = {May},
           title = {Reflexivity of Predictions as a Statistical Bias},
          author = {Timotej Cejka},
            year = {2022},
             url ={http://philsci-archive.pitt.edu/21326/},
}

@book{nagel1961,
  title={The Structure of Science: Problems in the Logic of Scientific Explanation},
  author={Nagel, E.},
  isbn={9780710018823},
  lccn={60015504},
  series={Donald F. Koch American Philosophy Collection},
  year={1961},
  publisher={Harcourt, Brace \& World}
}

@book{popper1953,
    title={The Poverty of Historicism},
    author={Karl Popper},
    date={1953},
    publisher={Harper Torchbooks},
    place={New York, USA},
    notes={3rd Edition}
}

@article{marget1929,
     ISSN = {00223808, 1537534X},
     URL = {http://www.jstor.org/stable/1824409},
     author = {Arthur W. Marget},
     journal = {Journal of Political Economy},
     number = {3},
     pages = {312--339},
     publisher = {University of Chicago Press},
     title = {Morgenstern on the Methodology of Economic Forecasting},
     urldate = {2024-02-16},
     volume = {37},
     year = {1929}
}


@article{romanos1973,
    title={Reflexive Predictions},
    volume={40},
    DOI={10.1086/288499},
    number={1},
    journal={Philosophy of Science},
    publisher={Cambridge University Press},
    author={Romanos, George D.},
    year={1973},
    pages={97–109}
}


@article{westwood2020,
    author = {Westwood, Sean Jeremy and Messing, Solomon and Lelkes, Yphtach},
    title = {Projecting Confidence: How the Probabilistic Horse Race Confuses and Demobilizes the Public},
    journal = {The Journal of Politics},
    volume = {82},
    number = {4},
    pages = {1530-1544},
    year = {2020},
    doi = {10.1086/708682},
}


@article{rothschild2014,
    author = {David Rothschild and Neil Malhotra},
    title ={Are public opinion polls self-fulfilling prophecies?},
    journal = {Research \& Politics},
    volume = {1},
    number = {2},
    pages = {2053168014547667},
    year = {2014},
    doi = {10.1177/2053168014547667},
}

@article{marwell1981,
    title = {Economists free ride, does anyone else?: Experiments on the provision of public goods, IV},
    journal = {Journal of Public Economics},
    volume = {15},
    number = {3},
    pages = {295-310},
    year = {1981},
    issn = {0047-2727},
    author = {Gerald Marwell and Ruth E. Ames},
}

@book{rosenthal1966,
    title={Experimenter effects in behavioral research},
    author={Robert Rosenthal},
    date={1966},
    publisher={Appleton-Century-Crofs},
    place={New York, USA}
}

@book{woodward2003,
    title={Making Things Happen: A Theory of Causal Explanation},
    author={Jim Woodward},
    year={2003},
    publisher={Oxford University Press}
}

@article{grunberg1986,
    author = {Grunberg, Emile},
    title = {Predictability and Reflexivity},
    journal = {The American Journal of Economics and Sociology},
    volume = {45},
    number = {4},
    pages = {475-488},
    doi = {https://doi.org/10.1111/j.1536-7150.1986.tb01946.x},
    year = {1986}
}

@article{grunbaum1963,
    title={Comments on Professor Roger Buck's Paper “Reflexive Predictions”},
    volume={30},
    DOI={10.1086/287956},
    number={4},
    journal={Philosophy of Science},
    publisher={Cambridge University Press},
    author={Grünbaum, Adolf},
    year={1963},
    pages={370–372}
}

@article{krishnaswamy2021, 
    title={Classification with Strategically Withheld Data},
    volume={35},
    url={https://ojs.aaai.org/index.php/AAAI/article/view/16694},
    DOI={10.1609/aaai.v35i6.16694},
    number={6},
    journal={Proceedings of the AAAI Conference on Artificial Intelligence},
    author={Krishnaswamy, Anilesh K. and Li, Haoming and Rein, David and Zhang, Hanrui and Conitzer, Vincent},
    year={2021},
    month={May},
    pages={5514-5522}
}

@inproceedings{cai2015,
    author = {Cai, Yang and Daskalakis, Constantinos and Papadimitriou, Christos},
    booktitle = {Conference on Learning Theory},
    copyright = {All rights reserved},
    language = {en},
    month = {June},
    note = {ISSN: 1938-7228},
    pages = {280--296},
    publisher = {PMLR},
    title = {Optimum Statistical Estimation with Strategic Data Sources},
    url ={http://proceedings.mlr.press/v40/Cai15.html},
    urldate = {2021-07-29},
    year = {2015}
}

@article{dadabaev2007,
    author = {Timur Dadabaev},
    title = {Trajectories of Political Development and Public Choices in Turkmenistan},
    journal = {Asian Affairs: An American Review},
    volume = {34},
    number = {3},
    pages = {131-150},
    year  = {2007},
    publisher = {Routledge},
    doi = {10.3200/AAFS.34.3.131-150},
}


@article{landsberger1958,
    author={H. A. Landsberger},
    title={Hawthorne Revisited. Management and the Worker, its Critics and Developments in Human Relations in Industry.}, 
    volume={IX}, 
    journal={Cornell Studies in Industrial and Labor Relations},
    publisher={Ithaca, N.Y., Cornell University},
    year={1958}
}

@book{dictionary_psych,
    author={Colman, Andrew M.},
    year={2008},
    title={A Dictionary of Psychology},
    edition={3rd},
    editor={Colman, Andrew M.},
    publisher={Oxford University Press},
    ISBN={9780199534067}
}

@InCollection{sep-measurement-science,
	author       =	{Tal, Eran},
	title        =	{{Measurement in Science}},
	booktitle    =	{The {Stanford} Encyclopedia of Philosophy},
	editor       =	{Edward N. Zalta},
	howpublished =	{\url{https://plato.stanford.edu/archives/fall2020/entries/measurement-science/}},
	year         =	{2020},
	edition      =	{{F}all 2020},
	publisher    =	{Metaphysics Research Lab, Stanford University}
}

@article{golembiewski1976,
author = {Robert T. Golembiewski and Keith Billingsley and Samuel Yeager},
title ={Measuring Change and Persistence in Human Affairs: Types of Change Generated by OD Designs},
journal = {The Journal of Applied Behavioral Science},
volume = {12},
number = {2},
pages = {133-157},
year = {1976},
doi = {10.1177/002188637601200201}
}


@article{runhardt2023,
author = {Rosa W. Runhardt},
title ={Legitimate Reactivity in Measuring Social Phenomena: Race and the Census},
journal = {Philosophy of the Social Sciences},
volume = {53},
number = {2},
pages = {122-141},
year = {2023},
doi = {10.1177/00483931221150487},
}

@article{blake2022,
    author  = {Aaron Blake},
    date    = {2022-01-18},
    title   = {The audacious timeline of Trump’s failed plot on the census and citizenship},
    journal = {The Washington Post},
    url     = {https://www.washingtonpost.com/politics/2022/01/18/audacious-timeline-trumps-failed-plot-census-citizenship},
    urldate = {2023-06-05}
}

@report{census2010coverage,
    author = {Patrick Cantwell, Peter Davis, James Mulligan},
    title = "DSSD 2010 CENSUS COVERAGE MEASUREMENT MEMORANDUM SERIES \#2010-G-03",
    institution = {US Census Bureau},
    year = {2012},
    url ={https://www2.census.gov/programs-surveys/decennial/2010/technical-documentation/methodology/g-series/g03.pdf}
}

@article{grunbaum1956,
    author = {Adolf Grünbaum},
    journal = {The British Journal for the Philosophy of Science},
    number = {27},
    pages = {236--240},
    publisher = {[Oxford University Press, The British Society for the Philosophy of Science]},
    title = {Historical Determinism, Social Activism, and Predictions in the Social Sciences},
    volume = {7},
    year = {1956},
    url ={http://www.jstor.org/stable/685878},
}

@article{zheng2022,
    author = {Stephan Zheng  and Alexander Trott  and Sunil Srinivasa  and David C. Parkes  and Richard Socher },
    title = {The AI Economist: Taxation policy design via two-level deep multiagent reinforcement learning},
    journal = {Science Advances},
    volume = {8},
    number = {18},
    pages = {eabk2607},
    year = {2022},
    doi = {10.1126/sciadv.abk2607},
}

@inproceedings{hardt2016,
    author = {Hardt, Moritz and Megiddo, Nimrod and Papadimitriou, Christos and Wootters, Mary},
    title = {Strategic Classification},
    year = {2016},
    isbn = {9781450340571},
    publisher = {Association for Computing Machinery},
    address = {New York, NY, USA},
    doi = {10.1145/2840728.2840730},
    booktitle = {Proceedings of the 2016 ACM Conference on Innovations in Theoretical Computer Science},
    pages = {111–122},
    numpages = {12},
    keywords = {learning theory, classification, game theory},
    location = {Cambridge, Massachusetts, USA},
    series = {ITCS '16}
}

@article{basu2015,
    author  = {Tanya Basu},
    date    = {2015-10-04},
    title   = {New Google Parent Company Drops 'Don't Be Evil' Motto},
    journal = {Time},
    url     = {https://time.com/4060575/alphabet-google-dont-be-evil/},
    urldate = {2023-06-10}
}

@article{debondt1985,
    author = {Werner F. M. De Bondt and Richard Thaler},
    journal = {The Journal of Finance},
    number = {3},
    pages = {793--805},
    publisher = {[American Finance Association, Wiley]},
    title = {Does the Stock Market Overreact?},
    volume = {40},
    year = {1985},
    url ={http://www.jstor.org/stable/2327804},
}

@article{metcalfe2022,
    DOI = {10.1007/s10764-021-00264-w},
    author = {Metcalfe, Chloë Alexia and Yaicurima, Alfredo Yhuaraqui and Papworth, Sarah},
    journal = {International Journal of Primatology},
    pages = {216--234},
    publisher = {Springer},
    title = {Observer effects in a remote population of large-headed capuchins, \textit{Sapajus macrocephalus}.},
    volume = {43},
    year = {2022}
}

@article{crofoot2010,
    title = {Does watching a monkey change its behaviour? Quantifying observer effects in habituated wild primates using automated radiotelemetry},
    journal = {Animal Behaviour},
    volume = {80},
    number = {3},
    pages = {475-480},
    year = {2010},
    doi = {https://doi.org/10.1016/j.anbehav.2010.06.006},
    author = {Margaret C. Crofoot and Thomas D. Lambert and Roland Kays and Martin C. Wikelski},
}

@article{rosenthal1968,
    title = {Pygmalion in the classroom},
    journal = {The Urban Review},
    volume = {3},
    pages = {16-20},
    year = {1968},
    doi = {https://doi.org/10.1007/BF02322211},
    author = {Rosenthal, Robert and Jacobson, Lenore},
}

@misc{stantcheva2022,
    title = {How to Run Surveys: A guide to creating your own identifying variation and revealing the invisible},
    author = {Stefanie Stantcheva},
    year = {2022},
    month = {10},
    url ={https://scholar.harvard.edu/files/stantcheva/files/How_to_run_surveys_Stantcheva.pdf},
    urldate = {2023-07-11}
}

@inbook{goodhart1984,
    author="Goodhart, C. A. E.",
    title="Problems of Monetary Management: The UK Experience",
    bookTitle="Monetary Theory and Practice: The UK Experience",
    year="1984",
    publisher="Macmillan Education UK",
    address="London",
    doi="10.1007/978-1-349-17295-5_4",
    url="https://doi.org/10.1007/978-1-349-17295-5_4"
}

@book{goodwin2009,
    title={Research In Psychology: Methods and Design},
    author={Goodwin, C.J.},
    isbn={9780470522783},
    lccn={2009014320},
    year={2009},
    publisher={John Wiley \& Sons}
}

@misc{spe,
    title = {Stanford Prison Experiment},
    url ={https://www.prisonexp.org},
    urldate = {2023-07-11}
}

@book{zimbardo2008,
    title={The Lucifer Effect: How Good People Turn Evil},
    author={Zimbardo, P.G.},
    isbn={9781846041037},
    lccn={2008271083},
    year={2008},
    publisher={Rider}
}

Le Texier T. . Am Psychol. 2019 Oct;74(7):823-839. doi: 10.1037/amp0000401. Epub 2019 Aug 5. PMID: 31380664.


@article{letexier2019,
    title = {Debunking the Stanford Prison Experiment},
    journal = {American Psychologist},
    volume = {74},
    number = {7},
    pages = {823-839},
    year = {2019},
    doi = {https://doi.org/10.1037/amp0000401},
    author = {Thibault Le Texier},
}

@article{nash1950,
    author = {John F. Nash},
    title = {Equilibrium points in <i>n</i>-person games},
    journal = {Proceedings of the National Academy of Sciences},
    volume = {36},
    number = {1},
    pages = {48-49},
    year = {1950},
    doi = {10.1073/pnas.36.1.48},
}

@InProceedings{oesterheld23,
    title = 	 {Incentivizing honest performative predictions with proper scoring rules},
    author =       {Oesterheld, Caspar and Treutlein, Johannes and Cooper, Emery and Hudson, Rubi},
    booktitle = 	 {Proceedings of the Thirty-Ninth Conference on Uncertainty in Artificial Intelligence},
    pages = 	 {1564--1574},
    year = 	 {2023},
    editor = 	 {Evans, Robin J. and Shpitser, Ilya},
    volume = 	 {216},
    series = 	 {Proceedings of Machine Learning Research},
    month = 	 {31 Jul--04 Aug},
    publisher =    {PMLR},
    url =	 {https://proceedings.mlr.press/v216/oesterheld23a.html},
}


@InProceedings{miller20,
    title = 	 {Strategic Classification is Causal Modeling in Disguise},
    author =       {Miller, John and Milli, Smitha and Hardt, Moritz},
    booktitle = 	 {Proceedings of the 37th International Conference on Machine Learning},
    pages = 	 {6917--6926},
    year = 	 {2020},
    editor = 	 {III, Hal Daumé and Singh, Aarti},
    volume = 	 {119},
    series = 	 {Proceedings of Machine Learning Research},
    month = 	 {13--18 Jul},
    publisher =    {PMLR},
    url =	 {https://proceedings.mlr.press/v119/miller20b.html}
}

@book{hurwicz2006designing,
  title={Designing Economic Mechanisms},
  author={Hurwicz, L. and Reiter, S.},
  isbn={9781139454346},
  year={2006},
  publisher={Cambridge University Press}
}

@book{salanie2005economics,
  title={The Economics of Contracts, second edition: A Primer, 2nd Edition},
  author={Salanie, B.},
  isbn={9780262257879},
  year={2005},
  publisher={MIT Press}
}

@book{fudenberg1991game,
  title={Game Theory},
  author={Fudenberg, D. and Tirole, J.},
  isbn={9780262061414},
  lccn={91002301},
  series={Mit Press},
  year={1991},
  publisher={MIT Press}
}

@article{bergemann2019,
    Author = {Bergemann, Dirk and Morris, Stephen},
    Title = {Information Design: A Unified Perspective},
    Journal = {Journal of Economic Literature},
    Volume = {57},
    Number = {1},
    Year = {2019},
    Month = {March},
    Pages = {44–95},
    DOI = {10.1257/jel.20181489},
    URL = {https://www.aeaweb.org/articles?id=10.1257/jel.20181489}
}


@misc{bates2022,
      title={Principal-Agent Hypothesis Testing}, 
      author={Stephen Bates and Michael I. Jordan and Michael Sklar and Jake A. Soloff},
      year={2022},
      eprint={2205.06812},
      archivePrefix={arXiv},
      primaryClass={cs.GT}
}

@book{morgenstern1928,
  title={Wirtschaftsprognose: Eine Untersuchung ihrer Voraussetzungen und M{\"o}glichkeiten},
  author={Morgenstern, O.},
  isbn={9783709121139},
  lccn={28018170},
  year={1928},
  publisher={Springer Vienna}
}

@misc{wollesen2024,
    author={Bele Wollesen},
    year={2024},
    title={Strategyproofness for Equality's Sake},
    notes={Working paper.}
}

@article{lackner2021,
    title = {Consistent approval-based multi-winner rules},
    journal = {Journal of Economic Theory},
    volume = {192},
    pages = {105173},
    year = {2021},
    issn = {0022-0531},
    doi = {https://doi.org/10.1016/j.jet.2020.105173},
    author = {Martin Lackner and Piotr Skowron},
}

@article{prendergast2022,
    author = {Prendergast, Canice},
    title = {The Allocation of Food to Food Banks},
    journal = {Journal of Political Economy},
    volume = {130},
    number = {8},
    pages = {1993-2017},
    year = {2022},
    doi = {10.1086/720332},
}

% https://www.statista.com/statistics/1093781/distribution-of-googles-revenues-by-segment/#statisticContainer
@misc{alphabet2024,
    author = {Alphabet},
    title = {Alphabet Annual Report},
    year = {2024},
    url = {https://abc.xyz/assets/5a/ae/29f710e646b49ee3d6b63c4dc3a0/goog-10-k-2023.pdf},
    notes = {Accessed on: 2024-07-23}
}


