
% Publishers % ================================================= |

 @String{Academic = "Academic Press" }
 @String{ACMMathSoft = "{ACM} Transactions on Mathematical Software" }
 @String{ACMPress = "{ACM} Press" }
 @String{AdamHilger = "Adam Hilger" }
 @String{AddisonWesley = "Addison-Wesley" }
 @String{AllynBacon = "Allyn and Bacon" }
 @String{AmerMathMonthly = "American Mathematical Monthly" }

 @String{AmerSocio = "American Journal of Sociology" }
 @String{AmerStatAssoc = "Journal of the American Statistical Association" }
 @String{AMS = "American Mathematical Society" }

% Journals

% First the Full Name is given, then the abbreviation used in the AMS Math
% Reviews, with an indication if it could not be found there.
% Note the 2nd overwrites the 1st, so swap them if you want the full name.

 %{AMS}
 @String{AMSTrans = "American Mathematical Society Translations" }
 @String{ApplMathComp = "Applied Mathematics and Computation" }
 @String{Birkhauser = "Birkha{\"u}ser" }
 @String{BIT = "{BIT}" }
 @String{BritStatPsych = "British Journal of Mathematical and Statistical
          Psychology" }
 @String{BullAMS = "Bulletin of the American Mathematical Society" }

 %ACM
 @String{CACM = "Communications of the {ACM}" }
 @String{CambridgePress = "Cambridge University Press" }
 @String{CanMathBull = "Canadian Mathematical Bulletin" }
 @String{Chelsea = "Chelsea" }
 @String{ClaredonPress = "Claredon Press" }
 @String{CompApplMath = "Journal of Computational and Applied Mathematics" }
 @String{CompJour = "The Computer Journal" }
 @String{CompPhys = "Journal of Computational Physics" }
 @String{CompServ = "Comput. Surveys" }
 @String{CompStruct = "Computers and Structures" }
 @String{CompSysSci = "Journal of Computer and System Sciences" }
% didn't find in AMS MR., ibid.

 %IEEE
 @String{Computer = "{IEEE} Computer" }
 @String{Computing = "Computing" }
 @String{ContempMath = "Contemporary Mathematics" }
 @String{Crelle = "Crelle's Journal" }
 @String{DoverPub = "Dover Publications" }
 @String{Eyolles = "Eyolles" }
 @String{GiornaleMath = "Giornale di Mathematiche" }
 @String{HoltRinehartWinston = "Holt, Rinehart and Winston" }
 @String{IEEESpec = "{IEEE} Spectrum" }  @String{IEEETransAC = "{IEEE} Transactions on Automatic Control" }
% didn't find in AMS MR
 @String{IEEETransAeroElec = "{IEEE} Transactions on Aerospace and Electronic
     Systems" }
 @String{IEEETransComp = "{IEEE} Transactions on Computers" }

 @String{IMANumerAna = "{IMA} Journal of Numerical Analysis" }
 @String{InfProcLet = "Information Processing Letters" }
 @String{InstMathApp = "Journal of the Institute of Mathematics and
     its Applications" }
 @String{IntControl = "International Journal of Control" }
 @String{Interscience = "Interscience" }
 @String{IntNumerEng = "International Journal for Numerical Methods in
     Engineering" }
 @String{IntSuper = "International Journal of Supercomputing Applications" }
 @String{JACM = "J. ACM" }
 @String{JohnsHopkinsPress = "The Johns Hopkins University Press" }
 @String{JohnWileySons = "John Wiley and Sons" }
 @String{JResNatBurStand = "Journal of Research of the National Bureau
     of Standards" }

 %SIAM
 @String{JSIAM = "Journal of the Society for Industrial and Applied
     Mathematics" }
 @String{JSIAMB = "Journal of the Society for Industrial and Applied
     Mathematics, Series B, Numerical Analysis" }
% didn't find
%% in AMS MR
 @String{Kibernetika = "Kibernetika" }
 @String{LinAlgApp = "Linear Algebra and its Applications" }
 @String{Macmillan = "Macmillan" }
 @String{MathAnaAppl = "Journal of Mathematical Analysis and Applications" }
 @String{MathAnnalen = "Mathematische Annalen" }
 @String{MathComp = "Mathematics of Computation" }
 @String{MathPhys = "Journal of Mathematical Physics" }
 @String{MathScand = "Mathematica Scandinavica" }
 @String{MathWorks = "The Math Works Inc." }
 @String{McGrawHill = "McGraw-Hill" }
 @String{NatBurStd = "National Bureau of Standards" }
 @String{NorthHolland = "North-Holland" }
 @String{NumerMath = "Numerische Mathematik" }
 @String{OxfordPress = "Oxford University Press" }   @String{PacificMath = "Pacific Journal of Mathematics" }
% didn't find
%% in AMS MR
 @String{ParComputing = "Parallel Computing" }
 @String{ParDistComp = "Journal of Parallel and Distributed Computing" }
%address Oxford or London?
 @String{PergamonPress = "Pergamon Press" }
 @String{PhilMag = "Philosophical Magazine" }
 @String{PlenumPress = "Plenum Press" }
 @String{PrenticeHall = "Prentice-Hall" }
 @String{ProcAMS = "Proceedings of the American Mathematical Society" }
% didn't find in AMS MR
 @String{ProcIEEE = "Proceedings of the {IEEE}" }
 @String{ProcNAS = "Proceedings of the National Academy of Sciences
                    of the USA" }
 @String{Psychometrika = "Psychometrika" }
 @String{QuartApplMath = "Quarterly of Applied Mathematics" }
 @String{QuartMath = "Quarterly Journal of Mathematics, Oxford, Series (2)" }
 @String{RevueInstStat = "Review of the International Statisical Institute" }
 @String{SIAMAlgMeth = "{SIAM} Journal on Algebraic and Discrete Methods" }
 @String{SIAMAppMath = "{SIAM} Journal on Applied Mathematics" }
 @String{SIAMComp = "{SIAM} Journal on Computing" }
 @String{SIAMMatrix = "{SIAM} Journal on Matrix Analysis and Applications" }
 @String{SIAMNumAnal = "{SIAM} Journal on Numerical Analysis" }
 @String{SIAMPub = "{SIAM} Publications" }
 @String{SIAMReview = "{SIAM} Review" }
 @String{SIAMSciStat = "{SIAM} Journal on Scientific and Statistical
     Computing" }
 @String{SIGNUM = "{ACM} {SIGNUM} Newsletter" }

 @String{SoftPracExp = "Software Practice and Experience" }
 @String{Springer = "Springer-Verlag" }
% didn't find in AMS MR
 @String{StatScience = "Statistical Science" }
 @String{TablesAidsComp = "Mathematical Tables and Other Aids to Computation" }
 @String{Techno = "Technometrics" }
 @String{TexasPress = "University of Texas Press" }
 @String{TransAMS = "Transactions of the American Mathematical Society" }
 @String{USSRCompMathPhys = "{USSR} Computational Mathematics and Mathematical
     Physics" }
 @String{VanNostrand = "Van Nostrand" }
 @String{VLSICompSys = "Journal of {VLSI} and Computer Systems" }
 @String{WHFreeman = "W. H. Freeman and Co." }
 @String{ZAngewMathMech = "Zeitschrift fur Angewandte Mathematik und
     Mechanik" }
 @String{ZAngewMathPhys = "Zeitschrift fur Angewandte Mathematik und Physik" }

%Entries

@Article{Abril07,
  author        = "Patricia S. Abril and Robert Plant",
  title         = "The patent holder's dilemma: Buy, sell, or troll?",
  journal       = "Communications of the ACM",
  volume        = "50",
  number        = "1",
  month         = jan,
  year          = "2007",
  pages         = "36--44",
  doi           = "10.1145/1188913.1188915",
  url           = "http://doi.acm.org/10.1145/1219092.1219093",
  note          = "",
}

@Article{Cohen07,
  author        = "Sarah Cohen and Werner Nutt and Yehoshua Sagic",
  title         = "Deciding equivalances among conjunctive aggregate queries",
  journal       = JACM,
  articleno     = 5,
  numpages      = 50,
  volume        = 54,
  number        = 2,
  month         = apr,
  year          = 2007,
  doi           = "10.1145/1219092.1219093",
  url           = "http://doi.acm.org/10.1145/1219092.1219093",
  acmid         = 1219093,
}

@Article{daskalakis2017strong,
  author    = {Daskalakis, Constantinos and Deckelbaum, Alan and Tzamos, Christos},
  title     = {Strong duality for a multiple-good monopolist},
  number    = {3},
  pages     = {735--767},
  volume    = {85},
  journal   = {Econometrica},
  publisher = {Wiley Online Library},
  year      = {2017},
}

@Article{belloni2010multidimensional,
  author    = {Belloni, Alexandre and Lopomo, Giuseppe and Wang, Shouqiang},
  title     = {Multidimensional mechanism design: Finite-dimensional approximations and efficient computation},
  number    = {4-part-2},
  pages     = {1079--1089},
  volume    = {58},
  journal   = {Operations Research},
  publisher = {INFORMS},
  year      = {2010},
}

@Article{alaei2019efficient,
  author    = {Alaei, Saeed and Fu, Hu and Haghpanah, Nima and Hartline, Jason and Malekian, Azarakhsh},
  title     = {Efficient computation of optimal auctions via reduced forms},
  number    = {3},
  pages     = {1058--1086},
  volume    = {44},
  journal   = {Mathematics of Operations Research},
  publisher = {INFORMS},
  year      = {2019},
}

@Article{border1991implementation,
  author    = {Border, Kim C.},
  title     = {Implementation of reduced form auctions: A geometric approach},
  pages     = {1175--1187},
  journal   = {Econometrica: Journal of the Econometric Society},
  publisher = {JSTOR},
  year      = {1991},
}

@Article{pavlov2011optimal,
  author    = {Pavlov, Gregory},
  title     = {Optimal mechanism for selling two goods},
  number    = {1},
  volume    = {11},
  journal   = {The BE Journal of Theoretical Economics},
  publisher = {De Gruyter},
  year      = {2011},
}

@Article{pavlov2011property,
  author    = {Pavlov, Gregory},
  title     = {A property of solutions to linear monopoly problems},
  number    = {1},
  volume    = {11},
  journal   = {The BE Journal of Theoretical Economics},
  publisher = {De Gruyter},
  year      = {2011},
}

@Article{armstrong1996multiproduct,
  author       = {Armstrong, Mark},
  date         = {January, 1996},
  journaltitle = {Econometrica},
  title        = {Multiproduct nonlinear pricing},
  number       = {1},
  pages        = {51--75},
  volume       = {64},
  journal      = {Econometrica},
  publisher    = {The Econometric Society},
  year         = {1996},
}

@Article{rochet1998ironing,
  author    = {Rochet, Jean-Charles and Chon{\'e}, Philippe},
  date      = {July, 1998},
  title     = {Ironing, sweeping, and multidimensional screening},
  number    = {4},
  pages     = {783--826},
  volume    = {66},
  journal   = {Econometrica},
  publisher = {The Econometric Society},
  year      = {1998},
}

@Article{border1991implementation,
  author  = {Border, Kim C},
  title   = {Implementation of reduced form auctions: A geometric approach},
  number  = {4},
  pages   = {1175--1187},
  volume  = {59},
  journal = {Econometrica: Journal of the Econometric Society},
  year    = {1991},
}

@Unpublished{KuSh2022,
  author   = {Kushnir, Alexey and Shourideh, Ali},
  date     = {2022-03-01},
  title    = {Optimal Auctions in Multi-Dimensional Environments},
  location = {Tepper School of Business, Carnegie Mellon University},
  year     = {2022},
}

@Article{manelli2007multidimensional,
  author    = {Manelli, Alejandro M and Vincent, Daniel R},
  title     = {Multidimensional mechanism design: Revenue maximization and the multiple-good monopoly},
  number    = {1},
  pages     = {153--185},
  volume    = {137},
  journal   = {Journal of Economic theory},
  publisher = {Elsevier},
  year      = {2007},
}

@Article{myerson1981optimal,
  author    = {Myerson, Roger B.},
  title     = {Optimal auction design},
  number    = {1},
  pages     = {58--73},
  volume    = {6},
  journal   = {Mathematics of Operations Research},
  publisher = {INFORMS},
  year      = {1981},
}

@Article{daskalakis2015multi,
  author    = {Daskalakis, Constantinos},
  title     = {Multi-item auctions defying intuition?},
  number    = {1},
  pages     = {41--75},
  volume    = {14},
  journal   = {ACM SIGecom Exchanges},
  publisher = {ACM New York, NY, USA},
  year      = {2015},
}

@Article{armstrong2000optimal,
  author    = {Armstrong, Mark},
  title     = {Optimal multi-object auctions},
  number    = {3},
  pages     = {455--481},
  volume    = {67},
  journal   = {The Review of Economic Studies},
  publisher = {Wiley-Blackwell},
  year      = {2000},
}

@software{ortools,
  title = {OR-Tools},
  version = { v9.7 },
  author = {Laurent Perron and Vincent Furnon},
  organization = {Google},
  url = {https://developers.google.com/optimization/},
  date = { 2023-08-08 }
}

@Comment{jabref-meta: databaseType:biblatex;}


@article{thanassoulis2004,
title = {Haggling over substitutes},
journal = {Journal of Economic Theory},
volume = {117},
number = {2},
pages = {217-245},
year = {2004},
issn = {0022-0531},
doi = {https://doi.org/10.1016/j.jet.2003.09.002},
url = {https://www.sciencedirect.com/science/article/pii/S0022053103003351},
author = {John Thanassoulis},
}

@unpublished{pycia2006,
    author={Marek Pycia},
    title={Stochastic vs Deterministic Mechanisms in Multidimensional Screening},
    url={http://pycia.bol.ucla.edu/pycia-multidimensional-screening.pdf},
    year={2006}
}

@misc{haghpanah2014,
    doi = {10.48550/ARXIV.1404.1341},
    url = {https://arxiv.org/abs/1404.1341},
    author = {Haghpanah, Nima and Hartline, Jason},
    title = {Multi-dimensional Virtual Values and Second-degree Price Discrimination},
    publisher = {arXiv},
    year = {2014}
}

@article{thirumulanathan2019,
    title = {Optimal mechanisms for selling two items to a single buyer having uniformly distributed valuations},
    journal = {Journal of Mathematical Economics},
    volume = {82},
    pages = {1-30},
    year = {2019},
    issn = {0304-4068},
    doi = {https://doi.org/10.1016/j.jmateco.2019.01.004},
    url = {https://www.sciencedirect.com/science/article/pii/S0304406819300138},
    author = {D. Thirumulanathan and Rajesh Sundaresan and Y. Narahari},
    keywords = {Game theory, Economics, Optimal auctions, Stochastic orders, Convex optimization},
}

@article{thirumulanathan2019b,
    title = {On optimal mechanisms in the two-item single-buyer unit-demand setting},
    journal = {Journal of Mathematical Economics},
    volume = {82},
    pages = {31-60},
    year = {2019},
    issn = {0304-4068},
    doi = {https://doi.org/10.1016/j.jmateco.2019.01.005},
    url = {https://www.sciencedirect.com/science/article/pii/S030440681930014X},
    author = {D. Thirumulanathan and Rajesh Sundaresan and Y. Narahari},
    keywords = {Game theory, Economics, Optimal auctions, Stochastic orders, Convex optimization},
}


@article{hart2019,
    title = {Selling multiple correlated goods: Revenue maximization and menu-size complexity},
    journal = {Journal of Economic Theory},
    volume = {183},
    pages = {991-1029},
    year = {2019},
    issn = {0022-0531},
    doi = {https://doi.org/10.1016/j.jet.2019.07.006},
    url = {https://www.sciencedirect.com/science/article/pii/S0022053119300717},
    author = {Sergiu Hart and Noam Nisan},
    keywords = {Mechanism design, Multiple goods, Correlated goods, Monopolistic pricing, Menu size, Complexity, Auctions, Simple mechanisms},
}

@article{brusco2011,
    Author = {Brusco, Sandro and Lopomo, Giuseppe and Marx, Leslie M.},
    Title = {The Economics of Contingent Re-auctions},
    Journal = {American Economic Journal: Microeconomics},
    Volume = {3},
    Number = {2},
    Year = {2011},
    Month = {May},
    Pages = {165-93},
    DOI = {10.1257/mic.3.2.165},
    URL = {https://www.aeaweb.org/articles?id=10.1257/mic.3.2.165}
}

@article{balestrieri2020,
    author = {Balestrieri, Filippo and Izmalkov, Sergei and Leao, Joao},
    title = "{The Market for Surprises: Selling Substitute Goods Through Lotteries}",
    journal = {Journal of the European Economic Association},
    volume = {19},
    number = {1},
    pages = {509-535},
    year = {2020},
    month = {06},
    issn = {1542-4766},
    doi = {10.1093/jeea/jvaa021},
    url = {https://doi.org/10.1093/jeea/jvaa021},
}

@article{riley1983,
    title = {Optimal Selling Strategies: When to Haggle, When to Hold Firm},
    author = {Riley, John and Zeckhauser, Richard},
    year = {1983},
    journal = {The Quarterly Journal of Economics},
    volume = {98},
    number = {2},
    pages = {267-289},
    url = {https://EconPapers.repec.org/RePEc:oup:qjecon:v:98:y:1983:i:2:p:267-289.}
}

@article{briest2015,
    title = {Pricing lotteries},
    journal = {Journal of Economic Theory},
    volume = {156},
    pages = {144-174},
    year = {2015},
    note = {Computer Science and Economic Theory},
    issn = {0022-0531},
    doi = {https://doi.org/10.1016/j.jet.2014.04.011},
    url = {https://www.sciencedirect.com/science/article/pii/S0022053114000659},
    author = {Patrick Briest and Shuchi Chawla and Robert Kleinberg and S. Matthew Weinberg},
}

@article{thirumulanathan2019unitdemand,
    title = {On optimal mechanisms in the two-item single-buyer unit-demand setting},
    journal = {Journal of Mathematical Economics},
    volume = {82},
    pages = {31-60},
    year = {2019},
    issn = {0304-4068},
    doi = {https://doi.org/10.1016/j.jmateco.2019.01.005},
    url = {https://www.sciencedirect.com/science/article/pii/S030440681930014X},
    author = {D. Thirumulanathan and Rajesh Sundaresan and Y. Narahari},
    keywords = {Game theory, Economics, Optimal auctions, Stochastic orders, Convex optimization}
}

@article{thirumulanathan2019uniform,
    title = {Optimal mechanisms for selling two items to a single buyer having uniformly distributed valuations},
    journal = {Journal of Mathematical Economics},
    volume = {82},
    pages = {1-30},
    year = {2019},
    issn = {0304-4068},
    doi = {https://doi.org/10.1016/j.jmateco.2019.01.004},
    url = {https://www.sciencedirect.com/science/article/pii/S0304406819300138},
    author = {D. Thirumulanathan and Rajesh Sundaresan and Y. Narahari},
    keywords = {Game theory, Economics, Optimal auctions, Stochastic orders, Convex optimization},
}

@article{barelli2014exclusion,
    title = {On the optimality of exclusion in multi-dimensional screening},
    journal = {Journal of Mathematical Economics},
    volume = {54},
    pages = {74-83},
    year = {2014},
    issn = {0304-4068},
    doi = {https://doi.org/10.1016/j.jmateco.2014.09.002},
    url = {https://www.sciencedirect.com/science/article/pii/S0304406814001128},
    author = {Paulo Barelli and Suren Basov and Mauricio Bugarin and Ian King},
    keywords = {Multi-dimensional screening, Exclusion, Regulation of a monopoly, Involuntary unemployment},
}

@inproceedings{wang2014optimal,
    author = {Wang, Zihe and Tang, Pingzhong},
    title = {Optimal Mechanisms with Simple Menus},
    year = {2014},
    isbn = {9781450325653},
    publisher = {Association for Computing Machinery},
    address = {New York, NY, USA},
    url = {https://doi.org/10.1145/2600057.2602863},
    doi = {10.1145/2600057.2602863},
    booktitle = {Proceedings of the Fifteenth ACM Conference on Economics and Computation},
    pages = {227–240},
    numpages = {14},
    keywords = {optimal mechanism design, revenue maximization, menu representation},
    location = {Palo Alto, California, USA},
    series = {EC '14}
}

@article{guesnerie1984complete,
    title = {A complete solution to a class of principal-agent problems with an application to the control of a self-managed firm},
    journal = {Journal of Public Economics},
    volume = {25},
    number = {3},
    pages = {329-369},
    year = {1984},
    issn = {0047-2727},
    doi = {https://doi.org/10.1016/0047-2727(84)90060-4},
    url = {https://www.sciencedirect.com/science/article/pii/0047272784900604},
    author = {Roger Guesnerie and Jean-Jacques Laffont}
}

@article{brusco2009google,
    title = {The ‘Google effect’ in the FCC’s 700MHz auction},
    journal = {Information Economics and Policy},
    volume = {21},
    number = {2},
    pages = {101-114},
    year = {2009},
    note = {Special Section on Auctions},
    issn = {0167-6245},
    doi = {https://doi.org/10.1016/j.infoecopol.2009.03.001},
    author = {Sandro Brusco and Giuseppe Lopomo and Leslie M. Marx}
}

@inproceedings{cai2016,
    author = {Cai, Yang and Devanur, Nikhil R. and Weinberg, S. Matthew},
    title = {A Duality Based Unified Approach to Bayesian Mechanism Design},
    year = {2016},
    isbn = {9781450341325},
    publisher = {Association for Computing Machinery},
    address = {New York, NY, USA},
    url = {https://doi.org/10.1145/2897518.2897645},
    doi = {10.1145/2897518.2897645},
    booktitle = {Proceedings of the Forty-Eighth Annual ACM Symposium on Theory of Computing},
    pages = {926–939},
    numpages = {14},
    keywords = {Simple and Approximately Optimal Auctions, Revenue},
    location = {Cambridge, MA, USA},
    series = {STOC '16}
}

@misc{kolesnikov2022,
    doi = {10.48550/ARXIV.2203.06837},
    url = {https://arxiv.org/abs/2203.06837},
    author = {Kolesnikov, Alexander and Sandomirskiy, Fedor and Tsyvinski, Aleh and Zimin, Alexander P.},
    title = {Beckmann's approach to multi-item multi-bidder auctions},
    publisher = {arXiv},
    year = {2022},
}

@article{mcafee1989,
    ISSN = {00335533, 15314650},
    URL = {http://www.jstor.org/stable/2937852},
    author = {R. Preston McAfee and John McMillan and Michael D. Whinston},
    journal = {The Quarterly Journal of Economics},
    number = {2},
    pages = {371--383},
    publisher = {Oxford University Press},
    title = {Multiproduct Monopoly, Commodity Bundling, and Correlation of Values},
    urldate = {2022-12-24},
    volume = {104},
    year = {1989}
}

@article{vickrey1961,
    author = {Vickrey, William},
    title = {COUNTERSPECULATION, AUCTIONS, AND COMPETITIVE SEALED TENDERS},
    journal = {The Journal of Finance},
    volume = {16},
    number = {1},
    pages = {8-37},
    doi = {https://doi.org/10.1111/j.1540-6261.1961.tb02789.x},
    year = {1961}
}

@article{bulow1989,
 ISSN = {00223808, 1537534X},
 URL = {http://www.jstor.org/stable/1831886},
 author = {Jeremy Bulow and John Roberts},
 journal = {Journal of Political Economy},
 number = {5},
 pages = {1060--1090},
 publisher = {University of Chicago Press},
 title = {The Simple Economics of Optimal Auctions},
 urldate = {2022-08-16},
 volume = {97},
 year = {1989}
}

@article{mussa1978,
    title = {Monopoly and product quality},
    journal = {Journal of Economic Theory},
    volume = {18},
    number = {2},
    pages = {301-317},
    year = {1978},
    issn = {0022-0531},
    doi = {https://doi.org/10.1016/0022-0531(78)90085-6},
    url = {https://www.sciencedirect.com/science/article/pii/0022053178900856},
    author = {Michael Mussa and Sherwin Rosen}
}

@book{basov2005multidimensional,
  title={Multidimensional Screening},
  author={Basov, S.},
  isbn={9783540273134},
  series={Studies in Economic Theory},
  year={2005},
  publisher={Springer Berlin Heidelberg}
}

@book{wilson1993nonlinear,
  title={Nonlinear Pricing},
  author={Wilson, R.B.},
  isbn={9780195115826},
  year={1993},
  publisher={Oxford University Press}
}


@article{rochet1985,
    title = {The taxation principle and multi-time Hamilton-Jacobi equations},
    journal = {Journal of Mathematical Economics},
    volume = {14},
    number = {2},
    pages = {113-128},
    year = {1985},
    issn = {0304-4068},
    doi = {https://doi.org/10.1016/0304-4068(85)90015-1},
    author = {Jean-Charles Rochet},
}

@article{rochet1987,
    title = {A necessary and sufficient condition for rationalizability in a quasi-linear context},
    journal = {Journal of Mathematical Economics},
    volume = {16},
    number = {2},
    pages = {191-200},
    year = {1987},
    issn = {0304-4068},
    doi = {https://doi.org/10.1016/0304-4068(87)90007-3},
    url = {https://www.sciencedirect.com/science/article/pii/0304406887900073},
    author = {Jean-Charles Rochet}
}

@article{mirrlees1971,
    URL = {http://www.jstor.org/stable/2296779},
    author = {J. A. Mirrlees},
    journal = {The Review of Economic Studies},
    number = {2},
    pages = {175--208},
    publisher = {[Oxford University Press, Review of Economic Studies, Ltd.]},
    title = {An Exploration in the Theory of Optimum Income Taxation},
    urldate = {2023-11-06},
    volume = {38},
    year = {1971}
}


@inbook{rochetstole2003, 
    place={Cambridge},
    series={Econometric Society Monographs},
    title={The Economics of Multidimensional Screening}, 
    volume={1},
    DOI={10.1017/CBO9780511610240.006},
    booktitle={Advances in Economics and Econometrics: Theory and Applications, Eighth World Congress},
    publisher={Cambridge University Press},
    author={Rochet, Jean-Charles and Stole, Lars A.},
    editor={Dewatripont, Mathias and Hansen, Lars Peter and Turnovsky, Stephen J.Editors},
    year={2003},
    pages={150–197},
    collection={Econometric Society Monographs}
}

@article{mcafee1989,
    ISSN = {00335533, 15314650},
    URL = {http://www.jstor.org/stable/2937852},
    author = {R. Preston McAfee and John McMillan and Michael D. Whinston},
    journal = {The Quarterly Journal of Economics},
    number = {2},
    pages = {371--383},
    publisher = {Oxford University Press},
    title = {Multiproduct Monopoly, Commodity Bundling, and Correlation of Values},
    urldate = {2022-12-24},
    volume = {104},
    year = {1989}
}

@article{adams1976,
    ISSN = {00335533, 15314650},
    URL = {http://www.jstor.org/stable/1886045},
    author = {William James Adams and Janet L. Yellen},
    journal = {The Quarterly Journal of Economics},
    number = {3},
    pages = {475--498},
    publisher = {Oxford University Press},
    title = {Commodity Bundling and the Burden of Monopoly},
    urldate = {2023-11-06},
    volume = {90},
    year = {1976}
}

@ARTICLE{haghpanah2021,
    title = {When Is Pure Bundling Optimal?},
    author = {Haghpanah, Nima and Hartline, Jason},
    year = {2021},
    journal = {Review of Economic Studies},
    volume = {88},
    number = {3},
    pages = {1127-1156},
}

@article{ekeland2010,
    author={Ivar Ekeland},
    title={{Notes on optimal transportation}},
    journal={Economic Theory},
    year=2010,
    volume={42},
    number={2},
    pages={437-459},
    month={February},
    doi={10.1007/s00199-008-0426-9},
    url={https://ideas.repec.org/a/spr/joecth/v42y2010i2p437-459.html}
}

@article{manelli2006,
    title = {Bundling as an optimal selling mechanism for a multiple-good monopolist},
    journal = {Journal of Economic Theory},
    volume = {127},
    number = {1},
    pages = {1-35},
    year = {2006},
    issn = {0022-0531},
    doi = {https://doi.org/10.1016/j.jet.2005.08.007},
    author = {Alejandro M. Manelli and Daniel R. Vincent},
}

@INPROCEEDINGS{cai2012,
    author={Cai, Yang and Daskalakis, Constantinos and Weinberg, S. Matthew},
    booktitle={2012 IEEE 53rd Annual Symposium on Foundations of Computer Science}, 
    title={Optimal Multi-dimensional Mechanism Design: Reducing Revenue to Welfare Maximization}, 
    year={2012},
    volume={},
    number={},
    pages={130-139},
    doi={10.1109/FOCS.2012.88}
}

@inproceedings{cai2016,
    author = {Cai, Yang and Devanur, Nikhil R. and Weinberg, S. Matthew},
    title = {A Duality Based Unified Approach to Bayesian Mechanism Design},
    year = {2016},
    isbn = {9781450341325},
    publisher = {Association for Computing Machinery},
    address = {New York, NY, USA},
    url = {https://doi.org/10.1145/2897518.2897645},
    doi = {10.1145/2897518.2897645},
    booktitle = {Proceedings of the Forty-Eighth Annual ACM Symposium on Theory of Computing},
    pages = {926–939},
    numpages = {14},
    keywords = {Simple and Approximately Optimal Auctions, Revenue},
    location = {Cambridge, MA, USA},
    series = {STOC '16}
}

@inproceedings{hart2013,
    author = {Hart, Sergiu and Nisan, Noam},
    title = {The Menu-Size Complexity of Auctions},
    year = {2013},
    isbn = {9781450319621},
    publisher = {Association for Computing Machinery},
    address = {New York, NY, USA},
    doi = {10.1145/2492002.2482544},
    booktitle = {Proceedings of the Fourteenth ACM Conference on Electronic Commerce},
    pages = {565–566},
    numpages = {2},
    location = {Philadelphia, Pennsylvania, USA},
    series = {EC '13}
}

@inproceedings{chawla2007,
    author = {Chawla, Shuchi and Hartline, Jason D. and Kleinberg, Robert},
    title = {Algorithmic Pricing via Virtual Valuations},
    year = {2007},
    isbn = {9781595936530},
    publisher = {Association for Computing Machinery},
    address = {New York, NY, USA},
    url = {https://doi.org/10.1145/1250910.1250946},
    doi = {10.1145/1250910.1250946},
    booktitle = {Proceedings of the 8th ACM Conference on Electronic Commerce},
    pages = {243–251},
    numpages = {9},
    keywords = {virtual valuations, approximation algorithms, pricing},
    location = {San Diego, California, USA},
    series = {EC '07}
}

@misc{loertscher2023,
    author = {Simon Loertscher and Ellen Muir},
    title = {Optimal Hotelling Auctions},
    year = {2023}
}

@misc{haghpanah2014,
    doi = {10.48550/ARXIV.1404.1341},
    url = {https://arxiv.org/abs/1404.1341},
    author = {Haghpanah, Nima and Hartline, Jason},
    title = {Multi-dimensional Virtual Values and Second-degree Price Discrimination},
    publisher = {arXiv},
    year = {2014}
}

@article{hotelling1929,
    ISSN = {00130133, 14680297},
    URL = {http://www.jstor.org/stable/2224214},
    author = {Harold Hotelling},
    journal = {The Economic Journal},
    number = {153},
    pages = {41--57},
    publisher = {[Royal Economic Society, Wiley]},
    title = {Stability in Competition},
    urldate = {2023-11-06},
    volume = {39},
    year = {1929}
}

@article{jullien2000,
    title = {Participation Constraints in Adverse Selection Models},
    journal = {Journal of Economic Theory},
    volume = {93},
    number = {1},
    pages = {1-47},
    year = {2000},
    issn = {0022-0531},
    doi = {https://doi.org/10.1006/jeth.1999.2641},
    url = {https://www.sciencedirect.com/science/article/pii/S0022053199926418},
    author = {Bruno Jullien},
}

